@book{foster1995designing,
  title={Designing and building parallel programs},
  author={Foster, Ian},
  volume={78},
  year={1995},
  publisher={Addison Wesley Publishing Company Boston}
}

@inproceedings{gibbons1989more,
  title={A more practical PRAM model},
  author={Gibbons, Phillip B},
  booktitle={Proceedings of the first annual ACM symposium on Parallel algorithms and architectures},
  pages={158--168},
  year={1989},
  organization={ACM}
}