@inproceedings{buck2004brook,
  title={Brook for GPUs: stream computing on graphics hardware},
  author={Buck, Ian and Foley, Tim and Horn, Daniel and Sugerman, Jeremy and Fatahalian, Kayvon and Houston, Mike and Hanrahan, Pat},
  booktitle={ACM Transactions on Graphics (TOG)},
  volume={23},
  number={3},
  pages={777--786},
  year={2004},
  organization={ACM}
}

@article{nickolls2008scalable,
  title={Scalable parallel programming with CUDA},
  author={Nickolls, John and Buck, Ian and Garland, Michael and Skadron, Kevin},
  journal={Queue},
  volume={6},
  number={2},
  pages={40--53},
  year={2008},
  publisher={ACM}
}


@article{baskaran2008optimizing,
  title={Optimizing sparse matrix-vector multiplication on GPUs using compile-time and run-time strategies},
  author={Baskaran, Muthu Manikandan and Bordawekar, Rajesh},
  journal={IBM Reserach Report, RC24704 (W0812-047)},
  year={2008}
}

@inproceedings{micikevicius2013performance,
  title={Performance optimization: programming guidelines and GPU architecture reasons behind them},
  author={Micikevicius, P},
  booktitle={GPU Technology Conference, NVIDA},
  year={2013}
}

@inproceedings{ueng2008cuda,
  title={CUDA-Lite: Reducing GPU Programming Complexity.},
  author={Ueng, Sain-Zee and Lathara, Melvin and Baghsorkhi, Sara S and Wen-mei, W Hwu},
  booktitle={LCPC},
  volume={8},
  pages={1--15},
  year={2008},
  organization={Springer}
}

@article{harris2007parallel,
  title={Parallel prefix sum (scan) with CUDA},
  author={Harris, Mark and Sengupta, Shubhabrata and Owens, John D},
  journal={GPU gems},
  volume={3},
  number={39},
  pages={851--876},
  year={2007}
}

@article{nobile2014cutauleaping,
  title={cuTauLeaping: a GPU-powered tau-leaping stochastic simulator for massive parallel analyses of biological systems},
  author={Nobile, Marco S and Cazzaniga, Paolo and Besozzi, Daniela and Pescini, Dario and Mauri, Giancarlo},
  journal={PLoS One},
  volume={9},
  number={3},
  pages={e91963},
  year={2014},
  publisher={Public Library of Science}
}

@article{stone2010opencl,
  title={OpenCL: A parallel programming standard for heterogeneous computing systems},
  author={Stone, John E and Gohara, David and Shi, Guochun},
  journal={Computing in science \& engineering},
  volume={12},
  number={3},
  pages={66--73},
  year={2010},
  publisher={IEEE}
}

@article{navarro2014survey,
  title={A survey on parallel computing and its applications in data-parallel problems using GPU architectures},
  author={Navarro, Cristobal A and Hitschfeld-Kahler, Nancy and Mateu, Luis},
  journal={Communications in Computational Physics},
  volume={15},
  number={2},
  pages={285--329},
  year={2014},
  publisher={Cambridge University Press}
}