
@inproceedings{cook1972time,
  title={Time-bounded random access machines},
  author={Cook, Stephen A and Reckhow, Robert A},
  booktitle={Proceedings of the fourth annual ACM symposium on Theory of computing},
  pages={73--80},
  year={1972},
  organization={ACM}
}

@inproceedings{fortune1978parallelism,
  title={Parallelism in random access machines},
  author={Fortune, Steven and Wyllie, James},
  booktitle={Proceedings of the tenth annual ACM symposium on Theory of computing},
  pages={114--118},
  year={1978},
  organization={ACM}
}

@article{karp1988survey,
  title={A survey of parallel algorithms for shared-memory machines},
  author={Karp, Richard M},
  year={1988},
  publisher={University of California at Berkeley}
}

@article{valiant1990bridging,
  title={A bridging model for parallel computation},
  author={Valiant, Leslie G},
  journal={Communications of the ACM},
  volume={33},
  number={8},
  pages={103--111},
  year={1990},
  publisher={ACM}
}

@article{senger2016bsp,
  title={BSP cost and scalability analysis for MapReduce operations},
  author={Senger, Hermes and Gil-Costa, Veronica and Arantes, Luciana and Marcondes, Cesar AC and Mar{\'\i}n, Mauricio and Sato, Liria M and Silva, Fabr{\'\i}cio AB},
  journal={Concurrency and Computation: Practice and Experience},
  volume={28},
  number={8},
  pages={2503--2527},
  year={2016},
  publisher={Wiley Online Library}
}

@article{dean2008mapreduce,
  title={MapReduce: simplified data processing on large clusters},
  author={Dean, Jeffrey and Ghemawat, Sanjay},
  journal={Communications of the ACM},
  volume={51},
  number={1},
  pages={107--113},
  year={2008},
  publisher={ACM}
}

@article{valiant2011bridging,
  title={A bridging model for multi-core computing},
  author={Valiant, Leslie G},
  journal={Journal of Computer and System Sciences},
  volume={77},
  number={1},
  pages={154--166},
  year={2011},
  publisher={Elsevier}
}

@inproceedings{culler1993logp,
  title={LogP: Towards a realistic model of parallel computation},
  author={Culler, David and Karp, Richard and Patterson, David and Sahay, Abhijit and Schauser, Klaus Erik and Santos, Eunice and Subramonian, Ramesh and Von Eicken, Thorsten},
  booktitle={ACM Sigplan Notices},
  volume={28},
  number={7},
  pages={1--12},
  year={1993},
  organization={ACM}
}

@article{bilardi1999bsp,
  title={BSP versus LogP},
  author={Bilardi, Gianfranco and Pietracaprina, Andrea and Pucci, Geppino and Herley, Kieran T and Spirakis, Paul},
  journal={Algorithmica},
  volume={24},
  number={3},
  pages={405--422},
  year={1999},
  publisher={Springer}
}

@article{aggarwal1988input,
  title={The input/output complexity of sorting and related problems},
  author={Aggarwal, Alok and Vitter, Jeffrey and others},
  journal={Communications of the ACM},
  volume={31},
  number={9},
  pages={1116--1127},
  year={1988},
  publisher={ACM}
}

@article{vitter1994algorithms,
  title={Algorithms for parallel memory, I: Two-level memories},
  author={Vitter, Jeffrey Scott and Shriver, Elizabeth AM},
  journal={Algorithmica},
  volume={12},
  number={2-3},
  pages={110--147},
  year={1994},
  publisher={Springer}
}

@article{vitter2008algorithms,
  title={Algorithms and data structures for external memory},
  author={Vitter, Jeffrey Scott},
  journal={Foundations and Trends{\textregistered} in Theoretical Computer Science},
  volume={2},
  number={4},
  pages={305--474},
  year={2008},
  publisher={Now Publishers Inc.}
}

@inproceedings{bender2005concurrent,
  title={Concurrent cache-oblivious B-trees},
  author={Bender, Michael A and Fineman, Jeremy T and Gilbert, Seth and Kuszmaul, Bradley C},
  booktitle={Proceedings of the seventeenth annual ACM symposium on Parallelism in algorithms and architectures},
  pages={228--237},
  year={2005},
  organization={ACM}
}

@inproceedings{arge2008fundamental,
  title={Fundamental parallel algorithms for private-cache chip multiprocessors},
  author={Arge, Lars and Goodrich, Michael T and Nelson, Michael and Sitchinava, Nodari},
  booktitle={Proceedings of the twentieth annual symposium on Parallelism in algorithms and architectures},
  pages={197--206},
  year={2008},
  organization={ACM}
}

@inproceedings{baghsorkhi2010adaptive,
  title={An adaptive performance modeling tool for GPU architectures},
  author={Baghsorkhi, Sara S and Delahaye, Matthieu and Patel, Sanjay J and Gropp, William D and Hwu, Wen-mei W},
  booktitle={ACM Sigplan Notices},
  volume={45},
  number={5},
  pages={105--114},
  year={2010},
  organization={ACM}
}

@inproceedings{hong2009analytical,
  title={An analytical model for a GPU architecture with memory-level and thread-level parallelism awareness},
  author={Hong, Sunpyo and Kim, Hyesoon},
  booktitle={ACM SIGARCH Computer Architecture News},
  volume={37},
  number={3},
  pages={152--163},
  year={2009},
  organization={ACM}
}

@article{ma2014memory,
  title={A memory access model for highly-threaded many-core architectures},
  author={Ma, Lin and Agrawal, Kunal and Chamberlain, Roger D},
  journal={Future Generation Computer Systems},
  volume={30},
  pages={202--215},
  year={2014},
  publisher={Elsevier}
}