@article{kirsch2009more,
  title={More robust hashing: Cuckoo hashing with a stash},
  author={Kirsch, Adam and Mitzenmacher, Michael and Wieder, Udi},
  journal={SIAM Journal on Computing},
  volume={39},
  number={4},
  pages={1543--1561},
  year={2009},
  publisher={SIAM}
}

@inproceedings{khorasani2015stadium,
  title={Stadium hashing: Scalable and flexible hashing on gpus},
  author={Khorasani, Farzad and Belviranli, Mehmet E and Gupta, Rajiv and Bhuyan, Laxmi N},
  booktitle={Parallel Architecture and Compilation (PACT), 2015 International Conference on},
  pages={63--74},
  year={2015},
  organization={IEEE}
}

@article{alcantara2009real,
  title={Real-time parallel hashing on the GPU},
  author={Alcantara, Dan A and Sharf, Andrei and Abbasinejad, Fatemeh and Sengupta, Shubhabrata and Mitzenmacher, Michael and Owens, John D and Amenta, Nina},
  journal={ACM Transactions on Graphics (TOG)},
  volume={28},
  number={5},
  pages={154},
  year={2009},
  publisher={AcM}
}

@inproceedings{herlihy2008hopscotch,
  title={Hopscotch hashing},
  author={Herlihy, Maurice and Shavit, Nir and Tzafrir, Moran},
  booktitle={International Symposium on Distributed Computing},
  pages={350--364},
  year={2008},
  organization={Springer}
}

@article{heerdata,
  title={Data-Parallel Hashing Techniques for GPU Architectures},
  author={Heer, J and Leitte, H and Ropinski, T},
  journal={Eurographics Conference on Visualization (EuroVis) 2018},
  year={2018}
}