@article{fredman1984storing,
  title={Storing a sparse table with 0 (1) worst case access time},
  author={Fredman, Michael L and Koml{\'o}s, J{\'a}nos and Szemer{\'e}di, Endre},
  journal={Journal of the ACM (JACM)},
  volume={31},
  number={3},
  pages={538--544},
  year={1984},
  publisher={ACM}
}

@article{dietzfelbinger1994dynamic,
  title={Dynamic perfect hashing: Upper and lower bounds},
  author={Dietzfelbinger, Martin and Karlin, Anna and Mehlhorn, Kurt and Meyer auF der Heide, Friedhelm and Rohnert, Hans and Tarjan, Robert E},
  journal={SIAM Journal on Computing},
  volume={23},
  number={4},
  pages={738--761},
  year={1994},
  publisher={SIAM}
}

@article{gao2005lock,
  title={Lock-free dynamic hash tables with open addressing},
  author={Gao, Hui and Groote, Jan Friso and Hesselink, Wim H},
  journal={Distributed Computing},
  volume={18},
  number={1},
  pages={21--42},
  year={2005},
  publisher={Springer}
}

@article{ashkiani2017dynamic,
  title={A Dynamic Hash Table for the GPU},
  author={Ashkiani, Saman and Farach-Colton, Martin and Owens, John D},
  journal={arXiv preprint arXiv:1710.11246},
  year={2017}
}

@article{alcantara2009real,
  title={Real-time parallel hashing on the GPU},
  author={Alcantara, Dan A and Sharf, Andrei and Abbasinejad, Fatemeh and Sengupta, Shubhabrata and Mitzenmacher, Michael and Owens, John D and Amenta, Nina},
  journal={ACM Transactions on Graphics (TOG)},
  volume={28},
  number={5},
  pages={154},
  year={2009},
  publisher={AcM}
}