@misc{levi1949structures,
  title={Les structures {\'e}l{\'e}mentaires de la parent{\'e}},
  author={L{\'e}vi-Strauss, Claude},
  year={1949},
  publisher={JSTOR},
  volume={4},
  number={4},
  pages={772-774}
}

@article{Salton1975,
 author = {Salton, G. and Wong, A. and Yang, C. S.},
 title = {A Vector Space Model for Automatic Indexing},
 journal = {Commun. ACM},
 issue_date = {Nov. 1975},
 volume = {18},
 number = {11},
 month = nov,
 year = {1975},
 issn = {0001-0782},
 pages = {613--620},
 numpages = {8},
 url = {http://doi.acm.org/10.1145/361219.361220},
 doi = {10.1145/361219.361220},
 acmid = {361220},
 publisher = {ACM},
 address = {New York, NY, USA},
 keywords = {automatic indexing, automatic information retrieval, content analysis, document space},
}

@article{salton1986introduction,
  title={Introduction to modern information retrieval},
  author={Salton, Gerard and McGill, Michael J},
  year={1986},
  publisher={McGraw-Hill, Inc.}
}

@article{salton1989automatic,
  title={Automatic text processing: The transformation, analysis, and retrieval of},
  author={Salton, Gerard},
  journal={Reading: Addison-Wesley},
  year={1989}
}

@book{tan2006introduction,
  title={Introduction to data mining},
  author={Tan, Pang-Ning and Steinbach, Michael and Kumar, Vipin and others},
  volume={1},
  year={2006},
  publisher={Pearson Addison Wesley Boston}
}

@book{hand2001principles,
  title={Principles of data mining},
  author={Hand, David J and Mannila, Heikki and Smyth, Padhraic},
  year={2001},
  publisher={MIT press}
}

@article{bellman1957dynamic,
  title={Dynamic Programming Princeton University Press},
  author={Bellman, Richard},
  journal={Princeton, NJ},
  year={1957}
}

@inproceedings{qian2004similarity,
  title={Similarity between Euclidean and cosine angle distance for nearest neighbor queries},
  author={Qian, Gang and Sural, Shamik and Gu, Yuelong and Pramanik, Sakti},
  booktitle={Proceedings of the 2004 ACM symposium on Applied computing},
  pages={1232--1237},
  year={2004},
  organization={ACM}
}

@inproceedings{strehl2000impact,
  title={Impact of similarity measures on web-page clustering},
  author={Strehl, Alexander and Ghosh, Joydeep and Mooney, Raymond},
  booktitle={Workshop on Artificial Intelligence for Web Search (AAAI 2000)},
  pages={58--64},
  year={2000}
}

@article{salton1988term,
  title={Term-weighting approaches in automatic text retrieval},
  author={Salton, Gerard and Buckley, Christopher},
  journal={Information processing \& management},
  volume={24},
  number={5},
  pages={513--523},
  year={1988},
  publisher={Elsevier}
}

@article{Luhn:1957:SAM:1661832.1661836,
 author = {Luhn, H. P.},
 title = {A Statistical Approach to Mechanized Encoding and Searching of Literary Information},
 journal = {IBM J. Res. Dev.},
 issue_date = {October 1957},
 volume = {1},
 number = {4},
 month = oct,
 year = {1957},
 issn = {0018-8646},
 pages = {309--317},
 numpages = {9},
 url = {http://dx.doi.org/10.1147/rd.14.0309},
 doi = {10.1147/rd.14.0309},
 acmid = {1661836},
 publisher = {IBM Corp.},
 address = {Riverton, NJ, USA},
}

@article{zipf1932selected,
  title={Selected studies of the principle of relative frequency in language.},
  author={Zipf, George Kingsley},
  year={1932},
  publisher={Harvard Univ. Press}
}

@ARTICLE{Jones72astatistical,
 author = {Karen Spärck Jones},
 title = {A statistical interpretation of term specificity and its application in retrieval},
 journal = {Journal of Documentation},
 year = {1972},
 volume = {28},
 pages = {11--21}
}

@book{manning1999foundations,
  title={Foundations of statistical natural language processing},
  author={Manning, Christopher D and Schütze, Hinrich},
  volume={999},
  year={1999},
  publisher={MIT Press}
}

@misc{tong2011locating,
  title={Locating meaningful stopwords or stop-phrases in keyword-based retrieval systems},
  author={Tong, S. and Lerner, U. and Singhal, A. and Haahr, P. and Baker, S.},
  url={https://www.google.com/patents/US7945579},
  year={2011},
  month=may # "~17",
  publisher={Google Patents},
  note={US Patent 7,945,579}
}

@article{doi:10.1108/eb046814,
 author = {M.F. Porter},
 title = {An algorithm for suffix stripping},
 journal = {Program},
 volume = {14},
 number = {3},
 pages = {130-137},
 year = {1980},
 doi = {10.1108/eb046814},
 URL = { http://www.emeraldinsight.com/doi/abs/10.1108/eb046814 },
 eprint = { http://www.emeraldinsight.com/doi/pdf/10.1108/eb046814 }
}

@book{lovins1968development,
  title={Development of a stemming algorithm},
  author={Lovins, Julie B},
  year={1968},
  publisher={MIT Information Processing Group, Electronic Systems Laboratory Cambridge}
}

@article{Paice:1996:MES:230789.230796,
 author = {Paice, Chris D.},
 title = {Method for Evaluation of Stemming Algorithms Based on Error Counting},
 journal = {J. Am. Soc. Inf. Sci.},
 issue_date = {Aug. 1996},
 volume = {47},
 number = {8},
 month = aug,
 year = {1996},
 issn = {0002-8231},
 pages = {632--649},
 numpages = {18},
 url = {http://dx.doi.org/10.1002/(SICI)1097-4571(199608)47:8<632::AID-ASI8>3.0.CO;2-U},
 doi = {10.1002/(SICI)1097-4571(199608)47:8<632::AID-ASI8>3.0.CO;2-U},
 acmid = {230796},
 publisher = {John Wiley \& Sons, Inc.},
 address = {New York, NY, USA},
}

@article{paternostre2002carry,
  title={Carry, un algorithme de d{\'e}suffixation pour le fran{\c{c}}ais},
  author={Paternostre, Marjorie and Francq, Pascal and LAMORAL, Julien and Wartel, David and Saerens, Marco},
  journal={Rapport technique du projet Galilei},
  year={2002}
}

@article{namer2000flemm,
  title={FLEMM: un analyseur flexionnel du fran{\c{c}}ais {\`a} base de r{\`e}gles},
  author={Namer, Fiammetta},
  journal={Traitement automatique des langues},
  volume={41},
  number={2},
  pages={523--547},
  year={2000}
}

@ARTICLE{1966SPhD...10..707L,
   author = {{Levenshtein}, V.~I.},
    title = "{Binary Codes Capable of Correcting Deletions, Insertions and Reversals}",
  journal = {Soviet Physics Doklady},
     year = 1966,
    month = feb,
   volume = 10,
    pages = {707},
   adsurl = {http://adsabs.harvard.edu/abs/1966SPhD...10..707L},
  adsnote = {Provided by the SAO/NASA Astrophysics Data System}
}

@article{zobel2006inverted,
  title={Inverted files for text search engines},
  author={Zobel, Justin and Moffat, Alistair},
  journal={ACM computing surveys (CSUR)},
  volume={38},
  number={2},
  pages={6},
  year={2006},
  publisher={ACM}
}

@article{brin2012reprint,
  title={Reprint of: The anatomy of a large-scale hypertextual web search engine},
  author={Brin, Sergey and Page, Lawrence},
  journal={Computer networks},
  volume={56},
  number={18},
  pages={3825--3833},
  year={2012},
  publisher={Elsevier}
}

@article{eckart1939principal,
  title={A principal axis transformation for non-Hermitian matrices},
  author={Eckart, Carl and Young, Gale},
  journal={Bulletin of the American Mathematical Society},
  volume={45},
  number={2},
  pages={118--121},
  year={1939}
}

@article{eckart1936approximation,
  title={The approximation of one matrix by another of lower rank},
  author={Eckart, Carl and Young, Gale},
  journal={Psychometrika},
  volume={1},
  number={3},
  pages={211--218},
  year={1936},
  publisher={Springer}
}

@article{horn1990norms,
  title={Norms for vectors and matrices},
  author={Horn, RA and Johnson, CR},
  journal={Matrix Analysis},
  pages={257--342},
  year={1990}
}

@book{lawson1974solving,
  title={Solving least squares problems},
  author={Lawson, Charles L and Hanson, Richard J},
  volume={161},
  year={1974},
  publisher={SIAM}
}

@article{pearson1901liii,
  title={LIII. On lines and planes of closest fit to systems of points in space},
  author={Pearson, Karl},
  journal={The London, Edinburgh, and Dublin Philosophical Magazine and Journal of Science},
  volume={2},
  number={11},
  pages={559--572},
  year={1901},
  publisher={Taylor \& Francis}
}

@inproceedings{hofmann1999probabilistic,
  title={Probabilistic latent semantic indexing},
  author={Hofmann, Thomas},
  booktitle={Proceedings of the 22nd annual international ACM SIGIR conference on Research and development in information retrieval},
  pages={50--57},
  year={1999},
  organization={ACM}
}

@book{benzecri1976analyse,
  title={L'analyse des donn{\'e}es},
  author={Benz{\'e}cri, Jean-Paul and Bellier, L},
  volume={1},
  year={1976},
  publisher={Dunod Paris}
}

@misc{deerwester1989computer,
  title={Computer information retrieval using latent semantic structure},
  author={Deerwester, S.C. and Dumais, S.T. and Furnas, G.W. and Harshman, R.A. and Landauer, T.K. and Lochbaum, K.E. and Streeter, L.A.},
  url={http://www.google.com/patents/US4839853},
  year={1989},
  month=jun # "~13",
  publisher={Google Patents},
  note={US Patent 4,839,853}
}

@article{paatero1994positive,
  title={Positive matrix factorization: A non-negative factor model with optimal utilization of error estimates of data values},
  author={Paatero, Pentti and Tapper, Unto},
  journal={Environmetrics},
  volume={5},
  number={2},
  pages={111--126},
  year={1994},
  publisher={Wiley Online Library}
}

@article{landauer1998introduction,
  title={An introduction to latent semantic analysis},
  author={Landauer, Thomas K and Foltz, Peter W and Laham, Darrell},
  journal={Discourse processes},
  volume={25},
  number={2-3},
  pages={259--284},
  year={1998},
  publisher={Taylor \& Francis}
}