@article{alcantara2009real,
  title={Real-time parallel hashing on the GPU},
  author={Alcantara, Dan A and Sharf, Andrei and Abbasinejad, Fatemeh and Sengupta, Shubhabrata and Mitzenmacher, Michael and Owens, John D and Amenta, Nina},
  journal={ACM Transactions on Graphics (TOG)},
  volume={28},
  number={5},
  pages={154},
  year={2009},
  publisher={AcM}
}

@inproceedings{li2013gamt,
  title={GAMT: a fast and scalable IP lookup engine for GPU-based software routers},
  author={Li, Yanbiao and Zhang, Dafang and Liu, Alex X and Zheng, Jintao},
  booktitle={Proceedings of the ninth ACM/IEEE symposium on Architectures for networking and communications systems},
  pages={1--12},
  year={2013},
  organization={IEEE Press}
}

@article{willard1983log,
  title={Log-logarithmic worst-case range queries are possible in space $\Theta$ (N)},
  author={Willard, Dan E},
  journal={Information Processing Letters},
  volume={17},
  number={2},
  pages={81--84},
  year={1983},
  publisher={Elsevier}
}

@inproceedings{van1975preserving,
  title={Preserving order in a forest in less than logarithmic time},
  author={van Emde Boas, Peter},
  booktitle={Foundations of Computer Science, 1975., 16th Annual Symposium on},
  pages={75--84},
  year={1975},
  organization={IEEE}
}

@inproceedings{oshman2013skiptrie,
  title={The SkipTrie: low-depth concurrent search without rebalancing},
  author={Oshman, Rotem and Shavit, Nir},
  booktitle={Proceedings of the 2013 ACM symposium on Principles of distributed computing},
  pages={23--32},
  year={2013},
  organization={ACM}
}

@inproceedings{brodal2002cache,
  title={Cache oblivious search trees via binary trees of small height},
  author={Brodal, Gerth St{\o}lting and Fagerberg, Rolf and Jacob, Riko},
  booktitle={Proceedings of the thirteenth annual ACM-SIAM symposium on Discrete algorithms},
  pages={39--48},
  year={2002},
  organization={Society for Industrial and Applied Mathematics}
}

@inproceedings{fix2011accelerating,
  title={Accelerating braided b+ tree searches on a gpu with cuda},
  author={Fix, Jordan and Wilkes, Andrew and Skadron, Kevin},
  booktitle={Proceedings of the 2nd Workshop on Applications for Multi and Many Core Processors: Analysis, Implementation, and Performance (A4MMC)},
  year={2011}
}

@article{bender2005cache,
  title={Cache-oblivious B-trees},
  author={Bender, Michael A and Demaine, Erik D and Farach-Colton, Martin},
  journal={SIAM Journal on Computing},
  volume={35},
  number={2},
  pages={341--358},
  year={2005},
  publisher={SIAM}
}

@article{ashkiani2017gpu,
  title={GPU LSM: A Dynamic Dictionary Data Structure for the GPU},
  author={Ashkiani, Saman and Li, Shengren and Farach-Colton, Martin and Amenta, Nina and Owens, John D},
  journal={arXiv preprint arXiv:1707.05354},
  year={2017}
}

@inproceedings{braginsky2012lock,
  title={A lock-free B+ tree},
  author={Braginsky, Anastasia and Petrank, Erez},
  booktitle={Proceedings of the twenty-fourth annual ACM symposium on Parallelism in algorithms and architectures},
  pages={58--67},
  year={2012},
  organization={ACM}
}

@techreport{bagwell2001ideal,
  title={Ideal hash trees},
  author={Bagwell, Phil},
  year={2001}
}

@article{prokopec2017cache,
  title={Cache-aware lock-free concurrent hash tries},
  author={Prokopec, Aleksandar and Bagwell, Phil and Odersky, Martin},
  journal={arXiv preprint arXiv:1709.06056},
  year={2017}
}