@book{Ricci210,
 author = {Ricci, Francesco and Rokach, Lior and Shapira, Bracha and Kantor, Paul B.},
 title = {Recommender Systems Handbook},
 year = {2010},
 isbn = {0387858199, 9780387858197},
 edition = {1st},
 publisher = {Springer-Verlag New York, Inc.},
 address = {New York, NY, USA},
}

@book{jannach2010recommender,
  title={Recommender systems: an introduction},
  author={Jannach, Dietmar and Zanker, Markus and Felfernig, Alexander and Friedrich, Gerhard},
  year={2010},
  publisher={Cambridge University Press}
}

@book{han2011data,
  title={Data mining: concepts and techniques},
  author={Han, Jiawei and Kamber, Micheline and Pei, Jian},
  year={2011},
  publisher={Elsevier}
}

@book{pyle1999data,
  title={Data preparation for data mining},
  author={Pyle, Dorian},
  volume={1},
  year={1999},
  publisher={Morgan Kaufmann}
}

@article{mahalanobis1936generalized,
  title={On the generalized distance in statistics},
  author={Mahalanobis, Prasanta Chandra},
  journal={Proceedings of the National Institute of Sciences (Calcutta)},
  volume={2},
  pages={49--55},
  year={1936}
}

@article{narendra1977branch,
  title={A branch and bound algorithm for feature subset selection},
  author={Narendra, Patrenahalli M and Fukunaga, Keinosuke},
  journal={Computers, IEEE Transactions on},
  volume={100},
  number={9},
  pages={917--922},
  year={1977},
  publisher={IEEE}
}

@book{tan2006introduction,
  title={Introduction to data mining},
  author={Tan, Pang-Ning and Steinbach, Michael and Kumar, Vipin and others},
  volume={1},
  year={2006},
  publisher={Pearson Addison Wesley Boston}
}

@inproceedings{kohavi1995study,
  title={A study of cross-validation and bootstrap for accuracy estimation and model selection},
  author={Kohavi, Ron and others},
  booktitle={Ijcai},
  volume={14},
  number={2},
  pages={1137--1145},
  year={1995}
}

@book{bellman1957dynamic,
  title={Dynamic Programming},
  author={Bellman, R. and Rand Corporation},
  isbn={9780691079516},
  lccn={57005444},
  series={Rand Corporation research study},
  url={https://books.google.it/books?id=wdtoPwAACAAJ},
  year={1957},
  publisher={Princeton University Press}
}

@article{koren2009matrix,
  title={Matrix factorization techniques for recommender systems},
  author={Koren, Yehuda and Bell, Robert and Volinsky, Chris},
  journal={Computer},
  number={8},
  pages={30--37},
  year={2009},
  publisher={IEEE}
}

@article{pearson1901liii,
  title={LIII. On lines and planes of closest fit to systems of points in space},
  author={Pearson, Karl},
  journal={The London, Edinburgh, and Dublin Philosophical Magazine and Journal of Science},
  volume={2},
  number={11},
  pages={559--572},
  year={1901},
  publisher={Taylor \& Francis}
}

@article{golub1970singular,
  title={Singular value decomposition and least squares solutions},
  author={Golub, Gene H and Reinsch, Christian},
  journal={Numerische mathematik},
  volume={14},
  number={5},
  pages={403--420},
  year={1970},
  publisher={Springer}
}

@article{jain2000statistical,
  title={Statistical pattern recognition: A review},
  author={Jain, Anil K and Duin, Robert PW and Mao, Jianchang},
  journal={Pattern Analysis and Machine Intelligence, IEEE Transactions on},
  volume={22},
  number={1},
  pages={4--37},
  year={2000},
  publisher={IEEE}
}

@article{CoverHart1967,
  author={T. Cover and P. Hart},
  journal={IEEE Transactions on Information Theory},
  title={Nearest neighbor pattern classification},
  number={1},
  year={1967},
  volume={13},
  pages={21-27},
  keywords={Pattern classification},
  doi={10.1109/TIT.1967.1053964},
  ISSN={0018-9448},
  month={January},
}

@article{wilson1972asymptotic,
  title={Asymptotic properties of nearest neighbor rules using edited data},
  author={Wilson, Dennis L},
  journal={Systems, Man and Cybernetics, IEEE Transactions on},
  number={3},
  pages={408--421},
  year={1972},
  publisher={IEEE}
}

@article{quinlan1986induction,
  title={Induction of decision trees},
  author={Quinlan, J. Ross},
  journal={Machine learning},
  volume={1},
  number={1},
  pages={81--106},
  year={1986},
  publisher={Springer}
}

@book{maimon2005data,
  title={Data mining and knowledge discovery handbook},
  author={Maimon, Oded and Rokach, Lior},
  volume={2},
  year={2005},
  publisher={Springer}
}

@article{friedman1997bayesian,
  title={Bayesian network classifiers},
  author={Friedman, Nir and Geiger, Dan and Goldszmidt, Moises},
  journal={Machine learning},
  volume={29},
  number={2-3},
  pages={131--163},
  year={1997},
  publisher={Springer}
}

@article{rosenblatt1958perceptron,
  title={The perceptron: a probabilistic model for information storage and organization in the brain.},
  author={Rosenblatt, Frank},
  journal={Psychological review},
  volume={65},
  number={6},
  pages={386},
  year={1958},
  publisher={American Psychological Association}
}

@article{pazzani1997learning,
  title={Learning and revising user profiles: The identification of interesting web sites},
  author={Pazzani, Michael and Billsus, Daniel},
  journal={Machine learning},
  volume={27},
  number={3},
  pages={313--331},
  year={1997},
  publisher={Springer}
}

@inproceedings{oard1998implicit,
  title={Implicit feedback for recommender systems},
  author={Oard, Douglas W and Kim, Jinmook and others},
  booktitle={Proceedings of the AAAI workshop on recommender systems},
  pages={81--83},
  year={1998}
}

@article{balabanovic1997fab,
  title={Fab: content-based, collaborative recommendation},
  author={Balabanovi{\'c}, Marko and Shoham, Yoav},
  journal={Communications of the ACM},
  volume={40},
  number={3},
  pages={66--72},
  year={1997},
  publisher={ACM}
}

@book{michalski2013machine,
  title={Machine learning: An artificial intelligence approach},
  author={Michalski, Ryszard S and Carbonell, Jaime G and Mitchell, Tom M},
  year={2013},
  publisher={Springer Science \& Business Media}
}

@incollection{prieto2008recommender,
  title={A recommender system architecture for instructional engineering},
  author={Prieto, Manuel E and Men{\'e}ndez, V{\'\i}ctor H and Segura, Alejandra A and Vidal, Christian L},
  booktitle={Emerging Technologies and Information Systems for the Knowledge Society},
  pages={314--321},
  year={2008},
  publisher={Springer}
}

@incollection{pazzani2007content,
  title={Content-based recommendation systems},
  author={Pazzani, Michael J and Billsus, Daniel},
  booktitle={The adaptive web},
  pages={325--341},
  year={2007},
  publisher={Springer}
}

@inproceedings{breese1998empirical,
  title={Empirical analysis of predictive algorithms for collaborative filtering},
  author={Breese, John S and Heckerman, David and Kadie, Carl},
  booktitle={Proceedings of the Fourteenth conference on Uncertainty in artificial intelligence},
  pages={43--52},
  year={1998},
  organization={Morgan Kaufmann Publishers Inc.}
}

@article{Salton:1975:VSM:361219.361220,
 author = {Salton, G. and Wong, A. and Yang, C. S.},
 title = {A Vector Space Model for Automatic Indexing},
 journal = {Commun. ACM},
 issue_date = {Nov. 1975},
 volume = {18},
 number = {11},
 month = nov,
 year = {1975},
 issn = {0001-0782},
 pages = {613--620},
 numpages = {8},
 url = {http://doi.acm.org/10.1145/361219.361220},
 doi = {10.1145/361219.361220},
 acmid = {361220},
 publisher = {ACM},
 address = {New York, NY, USA},
 keywords = {automatic indexing, automatic information retrieval, content analysis, document space},
}

@article{salton1989automatic,
  title={Automatic text processing: The transformation, analysis, and retrieval of},
  author={Salton, Gerard},
  journal={Reading: Addison-Wesley},
  year={1989}
}

@article{sparck1972statistical,
  title={A statistical interpretation of term specificity and its application in retrieval},
  author={Sparck Jones, Karen},
  journal={Journal of documentation},
  volume={28},
  number={1},
  pages={11--21},
  year={1972},
  publisher={MCB UP Ltd}
}

@article{lieberman1995letizia,
  title={Letizia: An agent that assists web browsing},
  author={Lieberman, Henry and others},
  journal={IJCAI (1)},
  volume={1995},
  pages={924--929},
  year={1995}
}

@article{mladenic1999machine,
  title={Machine learning used by Personal WebWatcher},
  author={Mladenic, Dunja and Webwatcher, Browsing Assistant Personal},
  year={1999},
  publisher={Citeseer}
}

@inproceedings{pazzani1996syskill,
  title={Syskill \& Webert: Identifying interesting web sites},
  author={Pazzani, Michael J and Muramatsu, Jack and Billsus, Daniel and others},
  booktitle={AAAI/IAAI, Vol. 1},
  pages={54--61},
  year={1996}
}

@inproceedings{mccallum1998comparison,
  title={A comparison of event models for naive bayes text classification},
  author={McCallum, Andrew and Nigam, Kamal and others},
  booktitle={AAAI-98 workshop on learning for text categorization},
  volume={752},
  pages={41--48},
  year={1998},
  organization={Citeseer}
}

@article{rocchio1971relevance,
  title={Relevance feedback in information retrieval},
  author={Rocchio, Joseph John},
  year={1971},
  publisher={Prentice-Hall, Englewood Cliffs NJ}
}

@article{adomavicius2005toward,
  title={Toward the next generation of recommender systems: A survey of the state-of-the-art and possible extensions},
  author={Adomavicius, Gediminas and Tuzhilin, Alexander},
  journal={Knowledge and Data Engineering, IEEE Transactions on},
  volume={17},
  number={6},
  pages={734--749},
  year={2005},
  publisher={IEEE}
}

@article{herlocker2004evaluating,
  title={Evaluating collaborative filtering recommender systems},
  author={Herlocker, Jonathan L and Konstan, Joseph A and Terveen, Loren G and Riedl, John T},
  journal={ACM Transactions on Information Systems (TOIS)},
  volume={22},
  number={1},
  pages={5--53},
  year={2004},
  publisher={ACM}
}

@article{konstan1997grouplens,
  title={GroupLens: applying collaborative filtering to Usenet news},
  author={Konstan, Joseph A and Miller, Bradley N and Maltz, David and Herlocker, Jonathan L and Gordon, Lee R and Riedl, John},
  journal={Communications of the ACM},
  volume={40},
  number={3},
  pages={77--87},
  year={1997},
  publisher={ACM}
}

@inproceedings{shardanand1995social,
  title={Social information filtering: algorithms for automating "word of mouth"},
  author={Shardanand, Upendra and Maes, Pattie},
  booktitle={Proceedings of the SIGCHI conference on Human factors in computing systems},
  pages={210--217},
  year={1995},
  organization={ACM Press/Addison-Wesley Publishing Co.}
}

@inproceedings{wang2006unifying,
  title={Unifying user-based and item-based collaborative filtering approaches by similarity fusion},
  author={Wang, Jun and De Vries, Arjen P and Reinders, Marcel JT},
  booktitle={Proceedings of the 29th annual international ACM SIGIR conference on Research and development in information retrieval},
  pages={501--508},
  year={2006},
  organization={ACM}
}

@article{iman1982distribution,
  title={A distribution-free approach to inducing rank correlation among input variables},
  author={Iman, Ronald L and Conover, William-Jay},
  journal={Communications in Statistics-Simulation and Computation},
  volume={11},
  number={3},
  pages={311--334},
  year={1982},
  publisher={Taylor \& Francis}
}

@inproceedings{good1999combining,
  title={Combining collaborative filtering with personal agents for better recommendations},
  author={Good, Nathaniel and Schafer, J Ben and Konstan, Joseph A and Borchers, Al and Sarwar, Badrul and Herlocker, Jon and Riedl, John},
  booktitle={AAAI/IAAI},
  pages={439--446},
  year={1999}
}

@article{koren2010collaborative,
  title={Collaborative filtering with temporal dynamics},
  author={Koren, Yehuda},
  journal={Communications of the ACM},
  volume={53},
  number={4},
  pages={89--97},
  year={2010},
  publisher={ACM}
}

@inproceedings{sarwar2001item,
  title={Item-based collaborative filtering recommendation algorithms},
  author={Sarwar, Badrul and Karypis, George and Konstan, Joseph and Riedl, John},
  booktitle={Proceedings of the 10th international conference on World Wide Web},
  pages={285--295},
  year={2001},
  organization={ACM}
}

@article{bobadilla2013recommender,
  title={Recommender systems survey},
  author={Bobadilla, Jes{\'u}s and Ortega, Fernando and Hernando, Antonio and Guti{\'e}rrez, Abraham},
  journal={Knowledge-Based Systems},
  volume={46},
  pages={109--132},
  year={2013},
  publisher={Elsevier}
}

@incollection{burke2007hybrid,
  title={Hybrid web recommender systems},
  author={Burke, Robin},
  booktitle={The adaptive web},
  pages={377--408},
  year={2007},
  publisher={Springer}
}

@inproceedings{claypool1999combining,
  title={Combining content-based and collaborative filters in an online newspaper},
  author={Claypool, Mark and Gokhale, Anuja and Miranda, Tim and Murnikov, Pavel and Netes, Dmitry and Sartin, Matthew},
  booktitle={Proceedings of ACM SIGIR workshop on recommender systems},
  volume={60},
  year={1999},
  organization={Citeseer}
}

@article{billsus2000user,
  title={User modeling for adaptive news access},
  author={Billsus, Daniel and Pazzani, Michael J},
  journal={User modeling and user-adapted interaction},
  volume={10},
  number={2-3},
  pages={147--180},
  year={2000},
  publisher={Springer}
}

@article{smyth2000personalised,
  title={A personalised TV listings service for the digital TV age},
  author={Smyth, Barry and Cotter, Paul},
  journal={Knowledge-Based Systems},
  volume={13},
  number={2},
  pages={53--59},
  year={2000},
  publisher={Elsevier}
}

@inproceedings{basu1998recommendation,
  title={Recommendation as classification: Using social and content-based information in recommendation},
  author={Basu, Chumki and Hirsh, Haym and Cohen, William and others},
  booktitle={AAAI/IAAI},
  pages={714--720},
  year={1998}
}

@article{burke2002hybrid,
  title={Hybrid recommender systems: Survey and experiments},
  author={Burke, Robin},
  journal={User modeling and user-adapted interaction},
  volume={12},
  number={4},
  pages={331--370},
  year={2002},
  publisher={Springer}
}

@inproceedings{mooney2000content,
  title={Content-based book recommending using learning for text categorization},
  author={Mooney, Raymond J and Roy, Loriene},
  booktitle={Proceedings of the fifth ACM conference on Digital libraries},
  pages={195--204},
  year={2000},
  organization={ACM}
}