@article{van1976design,
  title={Design and implementation of an efficient priority queue},
  author={van Emde Boas, Peter and Kaas, Robert and Zijlstra, Erik},
  journal={Mathematical systems theory},
  volume={10},
  number={1},
  pages={99--127},
  year={1976},
  publisher={Springer}
}

@book{cormen2009introduction,
  title={Introduction to algorithms},
  author={Cormen, Thomas H},
  year={2009},
  publisher={MIT press}
}

@article{van1977preserving,
  title={Preserving order in a forest in less than logarithmic time and linear space},
  author={van Emde Boas, Peter},
  journal={Information processing letters},
  volume={6},
  number={3},
  pages={80--82},
  year={1977},
  publisher={Elsevier}
}

@incollection{van2013thirty,
  title={Thirty nine years of stratified trees},
  author={van Emde Boas, Peter},
  year={2013}
}

@article{willard1983log,
  title={Log-logarithmic worst-case range queries are possible in space $\Theta$ (N)},
  author={Willard, Dan E},
  journal={Information Processing Letters},
  volume={17},
  number={2},
  pages={81--84},
  year={1983},
  publisher={Elsevier}
}

@inproceedings{beame1999optimal,
  title={Optimal bounds for the predecessor problem},
  author={Beame, Paul and Fich, Faith E},
  booktitle={Proceedings of the thirty-first annual ACM symposium on Theory of computing},
  pages={295--304},
  year={1999},
  organization={ACM}
}