@article{Eswaran:1976:NPC:360363.360369,
 author = {Eswaran, K. P. and Gray, J. N. and Lorie, R. A. and Traiger, I. L.},
 title = {The Notions of Consistency and Predicate Locks in a Database System},
 journal = {Commun. ACM},
 issue_date = {Nov. 1976},
 volume = {19},
 number = {11},
 month = nov,
 year = {1976},
 issn = {0001-0782},
 pages = {624--633},
 numpages = {10},
 url = {http://doi.acm.org/10.1145/360363.360369},
 doi = {10.1145/360363.360369},
 acmid = {360369},
 publisher = {ACM},
 address = {New York, NY, USA},
 keywords = {concurrancy, consistency, database, lock, transaction},
}

@article{80001757160,
 author="Ousterhout, J. K.",
 title="Scheduling Techniques for Concurrent Systems",
 journal="3rd Intl. Conf. Distributed Comput. Syst., Oct 1982",
 ISSN="",
 publisher="",
 year="1982",
 month=may,
 volume="",
 number="",
 pages={20--30},
 URL="http://ci.nii.ac.jp/naid/80001757160/en/",
 DOI="",
}

@article{Casavant:1988:TSG:630789.630963,
 author = {Casavant, T. L. and Kuhl, J. G.},
 title = {A Taxonomy of Scheduling in General-purpose Distributed Computing Systems},
 journal = {IEEE Trans. Softw. Eng.},
 issue_date = {February 1988},
 volume = {14},
 number = {2},
 month = feb,
 year = {1988},
 issn = {0098-5589},
 pages = {141--154},
 numpages = {14},
 url = {http://dx.doi.org/10.1109/32.4634},
 doi = {10.1109/32.4634},
 acmid = {630963},
 publisher = {IEEE Press},
 address = {Piscataway, NJ, USA},
 keywords = {distributed computing, distributed processing, distributed scheduling, operating systems, operating systems (computers), resource management, scheduling},
}

@article{DBLP:journals/tc/WangM85,
  author    = {Yung{-}Terng Wang and Robert J. T. Morris},
  title     = {Load Sharing in Distributed Systems},
  journal   = {{IEEE} Trans. Computers},
  volume    = {34},
  number    = {3},
  pages     = {204--217},
  year      = {1985},
  url       = {http://dx.doi.org/10.1109/TC.1985.1676564},
  doi       = {10.1109/TC.1985.1676564},
  timestamp = {Tue, 22 Dec 2015 15:17:24 +0100},
  biburl    = {http://dblp.uni-trier.de/rec/bib/journals/tc/WangM85},
  bibsource = {dblp computer science bibliography, http://dblp.org}
}

@book{Tanenbaum:2005:OSD:1076555,
 author = {Tanenbaum, Andrew S and Woodhull, Albert S},
 title = {Operating Systems Design and Implementation (3rd Edition)},
 year = {2005},
 isbn = {0131429388},
 publisher = {Prentice-Hall, Inc.},
 address = {Upper Saddle River, NJ, USA},
}

@book{Bovet:2005:ULK:1077084,
 author = {Bovet, Daniel and Cesati, Marco},
 title = {Understanding The Linux Kernel},
 year = {2005},
 isbn = {0596005652},
 publisher = {Oreilly \& Associates Inc},
}

@book{Bach:1986:DUO:8570,
 author = {Bach, Maurice J.},
 title = {The Design of the UNIX Operating System},
 year = {1986},
 isbn = {0-13-201799-7},
 publisher = {Prentice-Hall, Inc.},
 address = {Upper Saddle River, NJ, USA},
} 

@book{Hansen:1973:OSP:540365,
 author = {Hansen, Per Brinch},
 title = {Operating System Principles},
 year = {1973},
 isbn = {0-13-637843-9},
 publisher = {Prentice-Hall, Inc.},
 address = {Upper Saddle River, NJ, USA},
}

@article{journals/cce/MendezCGHF06,
 added-at = {2009-07-15T00:00:00.000+0200},
 author = {Méndez, Carlos A. and Cerdá, Jaime and Grossmann, Ignacio E. and Harjunkoski, Iiro and Fahl, Marco},
 biburl = {http://www.bibsonomy.org/bibtex/2338a75411cc1e2b5f9d68679a38df6c3/dblp},
 date = {2009-07-15},
 description = {dblp},
 ee = {http://dx.doi.org/10.1016/j.compchemeng.2006.02.008},
 interhash = {9e3e03ef39ffc9b5a1c410f968720618},
 intrahash = {338a75411cc1e2b5f9d68679a38df6c3},
 journal = {Computers \& Chemical Engineering},
 keywords = {dblp},
 number = {6-7},
 pages = {913-946},
 timestamp = {2009-07-16T14:48:00.000+0200},
 title = {State-of-the-art review of optimization methods for short-term scheduling of batch processes.},
 url = {http://dblp.uni-trier.de/db/journals/cce/cce30.html#MendezCGHF06},
 volume = {30},
 year = {2006}
}

@book{x1994x,
 title={X/Open CAE Specification: Commands and utilities, issue 4, version 2},
 author={Company X/Open},
 series={1},
 number={n.4},
 isbn={9781859120347},
 url={https://books.google.be/books?id=LY\_VAQAACAAJ},
 year={1994},
 publisher={X Open Company}
}

@BOOK{Encyclopedia:2011,
 editor = {Padua, David},
 month = oct,
 title = {Encyclopedia of Parallel Computing},
 booktitle = {Encyclopedia of Parallel Computing},
 edition = {1},
 year = {2011},
 publisher = {Springer}
}

@ARTICLE{6506091, 
 journal={IEEE Std 1003.1, 2013 Edition (incorporates IEEE Std 1003.1-2008, and IEEE Std 1003.1-2008/Cor     1-2013)}, 
 title={Standard for Information TechnologyPortable Operating System Interface (POSIX(R)) Base Specifications, Issue 7},
 author={IEEE},
 year={2013},
 pages={1-3906},
 keywords={Application programming interfaces;File systems;IEEE standards;Information technology;Operating systems;CPU;FIFO;IEEE 1003.1;X/Open System Interface (XSI);application program interface (API);argument;asynchronous;basic regular expression (BRE);batch job;batch system;built-in utility;byte;child;command language interpreter;extended regular expression (ERE);file access control mechanism;input/output (I/O);job control;network;parent;portable operating system interface (POSIX);shell;stream;string;synchronous;system;thread},
 doi={10.1109/IEEESTD.2013.6506091},
 month={April}
}

@book{Maxwell:1999:LCK:519502,
 author = {Maxwell, Scott},
 title = {Linux Core Kernel Commentary},
 year = {1999},
 isbn = {1576104699},
 publisher = {Coriolis Group Books},
 address = {Scottsdale, AZ, USA},
}

@book{Beck:1996:LKI:547935,
 author = {Beck, Michael and Bohme, Harold and Kunitz, Ulrich and Magnus, Robert and Dziadzka, Mirko and Verworner, Dirk},
 title = {Linux Kernel Internals},
 year = {1996},
 isbn = {0201877414},
 publisher = {Addison-Wesley Longman Publishing Co., Inc.},
 address = {Boston, MA, USA},
} 

@article{Audsley:1995:FPP:203287.203291,
 author = {Audsley, Neil C. and Burns, Alan and Davis, Robert I. and Tindell, Ken W. and Wellings, Andy J.},
 title = {Fixed Priority Pre-emptive Scheduling: An Historical Perspective},
 journal = {Real-Time Syst.},
 issue_date = {March/May 1995},
 volume = {8},
 number = {2-3},
 month = mar,
 year = {1995},
 issn = {0922-6443},
 pages = {173--198},
 numpages = {26},
 url = {http://dx.doi.org/10.1007/BF01094342},
 doi = {10.1007/BF01094342},
 acmid = {203291},
 publisher = {Kluwer Academic Publishers},
 address = {Norwell, MA, USA},
} 

@inproceedings{ScalableLinuxScheduling,
 author = {Molloy, Stephen P. and Honeyman, P.},
 title = {Scalable Linux Scheduling},
 booktitle = {Proceedings of the FREENIX Track: 2001 USENIX Annual Technical Conference},
 year = {2001},
 isbn = {1-880446-10-3},
 pages = {199--212},
 numpages = {14},
 publisher = {USENIX Association},
 address = {Berkeley, CA, USA},
} 

@inproceedings{bryant2003linux,
  title={Linux scalability for large NUMA systems},
  author={Bryant, Ray and Hawkes, John},
  booktitle={Linux Symposium},
  pages={76},
  year={2003}
}

@article{Pabla:2009:CFS:1594371.1594375,
 author = {Pabla, Chandandeep Singh},
 title = {Completely Fair Scheduler},
 journal = {Linux Journal},
 issue_date = {August 2009},
 volume = {2009},
 number = {184},
 month = aug,
 year = {2009},
 issn = {1075-3583},
 articleno = {4},
 url = {http://dl.acm.org/citation.cfm?id=1594371.1594375},
 acmid = {1594375},
 publisher = {Belltown Media},
 address = {Houston, TX},
} 

@article{jones2009inside,
  title={Inside the linux 2.6 completely fair scheduler},
  author={Jones, M Tim},
  journal={IBM Developer Works Technical Report},
  volume={2009},
  year={2009}
}

@book{Love:2010:LKD:1855096,
 author = {Love, Robert},
 title = {Linux Kernel Development},
 year = {2010},
 isbn = {0672329468, 9780672329463},
 edition = {3rd},
 publisher = {Addison-Wesley Professional},
 pages = {41--67},
}

@ARTICLE{Aas05understandingthe,
 author = {Josh Aas},
 title = {Understanding the Linux 2.6.8.1 CPU Scheduler},
 journal = {SGI, 2005},
 url = {http://josh.trancesoftware.com/linux/linux_cpu_scheduler.pdf},
 year = {2005},
 volume = {22},
 pages = {05},
}

@misc{PATCHCFS,
 author = {Linus Torvald},
 title = {LINUX [patch] Modular Scheduler Core and Completely Fair Scheduler [CFS]},
 url = {http://lwn.net/Articles/230501/},
 year = {2007},
 urldate = {2016-01-03},
 originalyear = {2007-04-13},
}

@INPROCEEDINGS{7280991, 
 author = {Jose, J. and Sujisha, O. and Gilesh, M. and Bindima, T.}, 
 booktitle = {Intelligent Systems, Modelling and Simulation (ISMS), 2014 5th International Conference on}, 
 title = {On the Fairness of Linux O(1) Scheduler}, 
 year = {2014}, 
 pages = {668-674}, 
 keywords = {Linux;computational complexity;operating systems (computers);scheduling;CFS;Linux O(1) scheduler;Linux kernel;Linux operating systems;O(log n) complexity;background jobs;completely fair scheduler;greedy threaded process;modified scheduler;process starvation;response time;scheduling algorithm;Arrays;Heuristic algorithms;Kernel;Linux;Processor scheduling;Schedules;Throughput;CFS;O(1) sched-uler;Process Scheduling;Starvation;Threads;Unix OS}, 
 doi = {10.1109/ISMS.2014.120}, 
 ISSN = {2166-0662}, 
 month = {Jan},
}

@ARTICLE{IllustrationCFSusingAATree,
 author = {Pawar, Prajakta, Dhotre, S.S. and Patil, S.H.},
 title = {Illustration of Completely Fair Scheduler for Task scheduling using AA Tree},
 journal = {International Journal of Scientif Engineering and Technology Research},
 year = {2014},
 volume = {03},
 number = {44},
 pages = {8911--8914},
 ISSN = {2319-8885},
}

@article{Wong:2008:TAF:1400097.1400102,
 author = {Wong, Chee Siang and Tan, Ian and Kumari, Rosalind Deena and Wey, Fun},
 title = {Towards Achieving Fairness in the Linux Scheduler},
 journal = {SIGOPS Oper. Syst. Rev.},
 issue_date = {July 2008},
 volume = {42},
 number = {5},
 month = jul,
 year = {2008},
 issn = {0163-5980},
 pages = {34--43},
 numpages = {10},
 url = {http://doi.acm.org/10.1145/1400097.1400102},
 doi = {10.1145/1400097.1400102},
 acmid = {1400102},
 publisher = {ACM},
 address = {New York, NY, USA},
 keywords = {Linux, completely fair scheduler, fairness, process scheduling},
}

@article{Demers:1989:ASF:75247.75248,
 author = {Demers, A. and Keshav, S. and Shenker, S.},
 title = {Analysis and Simulation of a Fair Queueing Algorithm},
 journal = {SIGCOMM Comput. Commun. Rev.},
 issue_date = {Sep. 1989},
 volume = {19},
 number = {4},
 month = aug,
 year = {1989},
 issn = {0146-4833},
 pages = {1--12},
 numpages = {12},
 url = {http://doi.acm.org/10.1145/75247.75248},
 doi = {10.1145/75247.75248},
 acmid = {75248},
 publisher = {ACM},
 address = {New York, NY, USA},
} 

@techreport{Waldspurger:1995:LSS:888601,
 author = {Waldspurger, C. A.},
 title = {Lottery and Stride Scheduling: Flexible Proportional-share Resource Management},
 year = {1995},
 institution = {Massachusetts Institute of Technology},
 source = {http://www.ncstrl.org:8900/ncstrl/servlet/search?formname=detail\&id=oai%3Ancstrlh%3Amitai%3AMIT-LCS%2F%2FMIT%2FLCS%2FTR-667},
 publisher = {Massachusetts Institute of Technology},
 address = {Cambridge, MA, USA},
}

@misc{PATCHBFS,
 author = {Con Kolivas and Linus Torvald},
 title = {FAQS about BFS. v0.330},
 url = {http://ck.kolivas.org/patches/bfs/bfs-faq.txt},
 year = {2010},
 urldate = {2016-01-03},
 originalyear = {2010-09-05},
}

@INPROCEEDINGS{4631872, 
 author = {Wong, C.S. and Tan, I.K.T. and Kumari, R.D. and Lam, J.W. and Fun, W.}, 
 booktitle = {Information Technology, 2008. ITSim 2008. International Symposium on}, 
 title = {Fairness and interactive performance of O(1) and CFS Linux kernel schedulers}, 
 year = {2008}, 
 volume = {4}, 
 pages = {1-8}, 
 keywords = {Delay;Hardware;Kernel;Linux;Operating systems;Processor scheduling;Real time systems;Resource management;Scheduling algorithm;Throughput}, 
 doi = {10.1109/ITSIM.2008.4631872}, 
 month = {Aug},
}

@inproceedings{Nieh:2001:VRO:647055.715911,
 author = {Nieh, Jason and Vaill, Christopher and Zhong, Hua},
 title = {Virtual-Time Round-Robin: An O(1) Proportional Share Scheduler},
 booktitle = {Proceedings of the General Track: 2001 USENIX Annual Technical Conference},
 year = {2001},
 isbn = {1-880446-09-X},
 pages = {245--259},
 numpages = {15},
 url = {http://dl.acm.org/citation.cfm?id=647055.715911},
 acmid = {715911},
 publisher = {USENIX Association},
 address = {Berkeley, CA, USA},
} 

@article{opac-b1133216,
 title = {Con Kolivas Introduces New BFS Scheduler},
 author = {Con Kolivas},
 publisher = {Linux New Media UK.},
 address = {Macclesfield},
 url = {http://www.linux-magazine.com/Online/News/Con-Kolivas-Introduces-New-BFS-Scheduler},
 issn = "1471-5678",
 year = {2009},
 journal = {Linux Magazine},
 volume = {109},
}

@misc{CFSVSBFS,
 author = {Taylor Groves, Jeff Knockel, Eric Schulte},
 title = {BFS vs CFS – Scheduler Comparison},
 url = {http://cs.unm.edu/~eschulte/classes/cs587/data/bfs-v-cfs_groves-knockel-schulte.pdf},
 year = {2009},
 urldate = {2016-01-03},
 originalyear = {2009-12-11},
}

@INPROCEEDINGS{128746, 
 author = {Baruah, S.K. and Mok, A.K. and Rosier, L.E.}, 
 booktitle = {Real-Time Systems Symposium, 1990. Proceedings., 11th}, 
 title = {Preemptively scheduling hard-real-time sporadic tasks on one processor}, 
 year = {1990}, 
 pages = {182-190}, 
 keywords = {operating systems (computers);real-time systems;resource allocation;scheduling;necessary and sufficient conditions;preemptively scheduling hard-real-time sporadic tasks;pseudo-polynomial time;Processor scheduling;Scheduling algorithm;Sensor phenomena and characterization;Sensor systems;Signal processing;Signal processing algorithms;Signal sampling;Sufficient conditions;System testing}, 
 doi = {10.1109/REAL.1990.128746}, 
 month = {Dec},
}

@article{Sha:2004:RTS:1028913.1028959,
 author = {Sha, Lui and Abdelzaher, Tarek and årzén, Karl-Erik and Cervin, Anton and Baker, Theodore and Burns, Alan and Buttazzo, Giorgio and Caccamo, Marco and Lehoczky, John and Mok, Aloysius K.},
 title = {Real Time Scheduling Theory: A Historical Perspective},
 journal = {Real-Time Syst.},
 issue_date = {November-December 2004},
 volume = {28},
 number = {2-3},
 month = nov,
 year = {2004},
 issn = {0922-6443},
 pages = {101--155},
 numpages = {55},
 url = {http://dx.doi.org/10.1023/B:TIME.0000045315.61234.1e},
 doi = {10.1023/B:TIME.0000045315.61234.1e},
 acmid = {1028959},
 publisher = {Kluwer Academic Publishers},
 address = {Norwell, MA, USA},
 keywords = {dynamic-priority scheduling, earliest deadline first, feedback, fixed-priority scheduling, hard real-time, new challenges, rate-monotonic scheduling, scheduling models, soft real-time},
}

@book{Klein:1993:PHR:174003,
 author = {Klein, Mark H. and Ralya, Thomas and Pollak, Bill and Obenza, Ray and Harbour, Michael Gonz\'{a}lez},
 title = {A Practitioner's Handbook for Real-time Analysis},
 year = {1993},
 isbn = {0-7923-9361-9},
 source = {Software Engineering Institute real-time handbook series},
 publisher = {Kluwer Academic Publishers},
 address = {Norwell, MA, USA},
} 

@article{Shreedhar:1995:EFQ:217391.217453,
 author = {Shreedhar, M. and Varghese, George},
 title = {Efficient Fair Queueing Using Deficit Round Robin},
 journal = {SIGCOMM Comput. Commun. Rev.},
 issue_date = {Oct. 1995},
 volume = {25},
 number = {4},
 month = oct,
 year = {1995},
 issn = {0146-4833},
 pages = {231--242},
 numpages = {12},
 url = {http://doi.acm.org/10.1145/217391.217453},
 doi = {10.1145/217391.217453},
 acmid = {217453},
 publisher = {ACM},
 address = {New York, NY, USA},
}

@inproceedings{Abeni:1998:IMA:827270.829047,
 author = {Abeni, L. and Buttazzo, G.},
 title = {Integrating Multimedia Applications in Hard Real-Time Systems},
 booktitle = {Proceedings of the IEEE Real-Time Systems Symposium},
 series = {RTSS '98},
 year = {1998},
 isbn = {0-8186-9212-X},
 pages = {4--},
 url = {http://dl.acm.org/citation.cfm?id=827270.829047},
 acmid = {829047},
 publisher = {IEEE Computer Society},
 address = {Washington, DC, USA},
}

@inproceedings{Lipari:2000:GRU:1947412.1947445,
 author = {Lipari, Giuseppe and Baruah, Sanjoy},
 title = {Greedy Reclamation of Unused Bandwidth Constant-bandwidth Servers},
 booktitle = {Proceedings of the 12th Euromicro Conference on Real-time Systems},
 series = {Euromicro-RTS'00},
 year = {2000},
 isbn = {0-7695-0734-4},
 location = {Stockholm, Sweden},
 pages = {193--200},
 numpages = {8},
 url = {http://dl.acm.org/citation.cfm?id=1947412.1947445},
 acmid = {1947445},
 publisher = {IEEE Computer Society},
 address = {Washington, DC, USA},
 keywords = {bandwidth reclamation, constant-bandwidth server, earliest deadline first, inter-application isolation, preemptive scheduling},
}

@inproceedings{scordino2006linux,
  title = {Linux and real-time: Current approaches and future opportunities},
  author = {Scordino, Claudio and Lipari, Giuseppe},
  year = {2006},
  booktitle = {ANIPLA International Congress, Rome, 2006}
}

@inproceedings{faggioli2009edf,
  title={An EDF scheduling class for the Linux kernel},
  author={Faggioli, Dario and Checconi, Fabio and Trimarchi, Michael and Scordino, Claudio},
  booktitle={Proc. of the Real-Time Linux Workshop},
  year={2009}
}

@book{stankovic2012deadline,
  title={Deadline scheduling for real-time systems: EDF and related algorithms},
  author={Stankovic, John A and Spuri, Marco and Ramamritham, Krithi and Buttazzo, Giorgio C},
  volume={460},
  year={2012},
  publisher={Springer Science \& Business Media}
}

@inproceedings{faggioli2009implementation,
  title={An implementation of the earliest deadline first algorithm in linux},
  author={Faggioli, Dario and Trimarchi, Michael and Checconi, Fabio and Bertogna, Marko and Mancina, Antonio},
  booktitle={Proceedings of the 2009 ACM symposium on Applied Computing},
  pages={1984--1989},
  year={2009},
  organization={ACM}
}

@article{liu1973scheduling,
  title={Scheduling algorithms for multiprogramming in a hard-real-time environment},
  author={Liu, Chung Laung and Layland, James W},
  journal={Journal of the ACM (JACM)},
  volume={20},
  number={1},
  pages={46--61},
  year={1973},
  publisher={ACM}
}

@article{LelliEDFLinux,
 title={Deadline scheduling in the Linux kernel},
 author={Lelli, J., Scordino, C., Abeni, L., and Faggioli, D.},
 journal={Softw. Pract. Exper.},
 year={2015},
 doi={10.1002/spe.2335},
}

@inproceedings{bastoni2010empirical,
  title={An empirical comparison of global, partitioned, and clustered multiprocessor EDF schedulers},
  author={Bastoni, Andrea and Brandenburg, Bj{\"o}rn B and Anderson, James H},
  booktitle={Real-Time Systems Symposium (RTSS), 2010 IEEE 31st},
  pages={14--24},
  year={2010},
  organization={IEEE}
}

@article{lelli2012experimental,
  title={An experimental comparison of different real-time schedulers on multicore systems},
  author={Lelli, Juri and Faggioli, Dario and Cucinotta, Tommaso and Lipari, Giuseppe},
  journal={Journal of Systems and Software},
  volume={85},
  number={10},
  pages={2405--2416},
  year={2012},
  publisher={Elsevier}
}

@book{buttazzo2011hard,
  title={Hard real-time computing systems: predictable scheduling algorithms and applications},
  author={Buttazzo, Giorgio C},
  volume={24},
  year={2011},
  publisher={Springer Science \& Business Media}
}

@misc{jansen2003lightweight,
  title={Lightweight EDF scheduling with deadline inheritance},
  author={Jansen, Pierre G and Mullender, Sape J and Havinga, Paul JM and Scholten, Hans},
  year={2003},
  publisher={University of Twente, Centre for Telematics and Information Technology (CTIT)}
}

@article{BarbershopLoadDistribution,
 title = {Zack's Kernel News},
 author = {Zack Brown},
 publisher = {Linux New Media UK.},
 address = {Macclesfield},
 url = {http://www.linux-magazine.com/Online/News/Con-Kolivas-Introduces-New-BFS-Scheduler},
 issn = "1471-5678",
 year = {2012},
 journal = {Linux Magazine},
 issue = {139},
}

@inproceedings{corbato1962experimental,
  title={An experimental time-sharing system},
  author={Corbat{\'o}, Fernando J and Merwin-Daggett, Marjorie and Daley, Robert C},
  booktitle={Proceedings of the May 1-3, 1962, spring joint computer conference},
  pages={335--344},
  year={1962},
  organization={ACM}
}

@inproceedings{jones1999cpu,
  title={CPU reservations and time constraints: Implementation experience on Windows NT},
  author={Jones, Michael B and Regehr, John},
  booktitle={Proc. of the 3rd USENIX Windows NT Symposium},
  pages={93--102},
  year={1999},
  organization={Citeseer}
}

@book{Russinovich:2009:WII:1717352,
 author = {Russinovich, Mark and Solomon, David A.},
 title = {Windows Internals: Including Windows Server 2008 and Windows Vista, Fifth Edition},
 year = {2009},
 isbn = {0735625301, 9780735625303},
 edition = {5th},
 publisher = {Microsoft Press},
}

@misc{UMS,
  author = {Windows 7},
  title = {User-Mode Scheduling},
  year = {2016},
  url = {https://msdn.microsoft.com/en-us/library/windows/desktop/dd627187(v=vs.85).aspx},
  urldate = {2016-04-10}
}

@book{singh2006mac,
  title={Mac OS X internals: a systems approach},
  author={Singh, Amit},
  year={2006},
  publisher={Addison-Wesley Professional}
}

@inproceedings{roberson2003ule,
  title={ULE: A Modern Scheduler for FreeBSD.},
  author={Roberson, Jeff},
  booktitle={BSDCon},
  pages={17--28},
  year={2003}
}

@book{mckusick2014design,
  title={The design and implementation of the FreeBSD operating system},
  author={McKusick, Marshall Kirk and Neville-Neil, George V and Watson, Robert NM},
  year={2014},
  publisher={Pearson Education}
}

@INPROCEEDINGS{5279631, 
  author={S. Wang and Y. Chen and W. Jiang and P. Li and T. Dai and Y. Cui}, 
  booktitle={Embedded and Real-Time Computing Systems and Applications, 2009. RTCSA '09. 15th IEEE International Conference on}, 
  title={Fairness and Interactivity of Three CPU Schedulers in Linux}, 
  year={2009}, 
  pages={172-177}, 
  keywords={Linux;operating system kernels;processor scheduling;software performance evaluation;CFS scheduler;CPU schedulers;Linux kernel-2.6.29;O(1) scheduler;RSDL scheduler;micro application benchmarks;multiprocessors performance;real application benchmarks;synthesis application benchmarks;system fairness;system interactivity;system throughput;Linux;fairness;framework;interactivity;multi-processor;performance}, 
  doi={10.1109/RTCSA.2009.26}, 
  ISSN={1533-2306}, 
  month={Aug},
}

@inproceedings{li2009efficient,
  title={Efficient and scalable multiprocessor fair scheduling using distributed weighted round-robin},
  author={Li, Tong and Baumberger, Dan and Hahn, Scott},
  booktitle={ACM Sigplan Notices},
  volume={44},
  number={4},
  pages={65--74},
  year={2009},
  organization={ACM}
}

@ARTICLE{234856, 
  author={A. K. Parekh and R. G. Gallager}, 
  journal={IEEE/ACM Transactions on Networking}, 
  title={A generalized processor sharing approach to flow control in integrated services networks: the single-node case}, 
  year={1993}, 
  volume={1}, 
  number={3}, 
  pages={344-357}, 
  keywords={ISDN;network servers;packet switching;queueing theory;telecommunications control;ISDN;PGPS;connection-based packet network;delay;flow control;generalized processor sharing;integrated services networks;leaky bucket admission control;network resources allocation;packet-by-packet service discipline;queueing theory;servers;session backlogs;single-node;throughput;virtual circuit;Admission control;Circuits;Context-aware services;Delay;Global Positioning System;Intserv networks;Network servers;Performance analysis;Resource management;Throughput}, 
  doi={10.1109/90.234856}, 
  ISSN={1063-6692}, 
  month={Jun},
}

@inproceedings{lozi2016linux,
  title={The Linux scheduler: a decade of wasted cores},
  author={Lozi, Jean-Pierre and Lepers, Baptiste and Funston, Justin and Gaud, Fabien and Qu{\'e}ma, Vivien and Fedorova, Alexandra},
  booktitle={EuroSys 2016},
  year={2016}
}

@inproceedings{chen2007keeping,
  title={Keeping kernel performance from regressions},
  author={Chen, Tim and Ananiev, Leonid I and Tikhonov, Alexander V},
  booktitle={Linux Symposium},
  volume={1},
  pages={93--102},
  year={2007}
}

@inproceedings{blagodurov2010case,
  title={A case for NUMA-aware contention management on multicore systems},
  author={Blagodurov, Sergey and Zhuravlev, Sergey and Fedorova, Alexandra and Kamali, Ali},
  booktitle={Proceedings of the 19th international conference on Parallel architectures and compilation techniques},
  pages={557--558},
  year={2010},
  organization={ACM}
}

@inproceedings{erickson2010effective,
  title={Effective Data-Race Detection for the Kernel.},
  author={Erickson, John and Musuvathi, Madanlal and Burckhardt, Sebastian and Olynyk, Kirk},
  booktitle={OSDI},
  volume={10},
  pages={1--16},
  year={2010}
}