
@misc{CATCH,
  key   = "Catch2",
  title = {{Catch2, C++ Automated Test Cases in a Header}},
  note  = "\url{https://github.com/catchorg/Catch2}",
}

@misc{HAYAI,
  key   = "HAYAI",
  title = {{HAYAI, Benchmarking framework}},
  note  = "\url{https://github.com/nickbruun/hayai}",
}

@misc{CUDAWRAPPER,
  key   = "cuda-api-wrappers",
  title = {{cuda-api-wrappers, Thin C++-flavored wrappers for the CUDA runtime API}},
  note  = "\url{https://github.com/eyalroz/cuda-api-wrappers}",
}
