@article{blelloch1990prefix,
  title={Prefix sums and their applications},
  author={Blelloch, Guy E},
  year={1990}
}

@inproceedings{cederman2008practical,
  title={A Practical Quicksort Algorithm for Graphics Processors.},
  author={Cederman, Daniel and Tsigas, Philippas},
  booktitle={Esa},
  volume={8},
  pages={246--258},
  year={2008},
  organization={Springer}
}

@phdthesis{greiner2012sparse,
  title={Sparse Matrix Computations and their I/O Complexity.},
  author={Greiner, Gero},
  year={2012},
  school={Technical University Munich}
}

@article{cormen1998asymptotically,
  title={Asymptotically tight bounds for performing BMMC permutations on parallel disk systems},
  author={Cormen, Thomas H and Sundquist, Thomas and Wisniewski, Leonard F},
  journal={SIAM Journal on Computing},
  volume={28},
  number={1},
  pages={105--136},
  year={1998},
  publisher={SIAM}
}

@inproceedings{jia1981complexity,
  title={I/O complexity: The red-blue pebble game},
  author={Jia-Wei, Hong and Kung, Hsiang-Tsung},
  booktitle={Proceedings of the thirteenth annual ACM symposium on Theory of computing},
  pages={326--333},
  year={1981},
  organization={ACM}
}

@incollection{floyd1972permuting,
  title={Permuting information in idealized two-level storage},
  author={Floyd, Robert W},
  booktitle={Complexity of computer computations},
  pages={105--109},
  year={1972},
  publisher={Springer}
}

@article{sengupta2008efficient,
  title={Efficient parallel scan algorithms for GPUs},
  author={Sengupta, Shubhabrata and Harris, Mark and Garland, Michael},
  journal={NVIDIA, Santa Clara, CA, Tech. Rep. NVR-2008-003},
  number={1},
  pages={1--17},
  year={2008}
}

@article{aggarwal1988input,
  title={The input/output complexity of sorting and related problems},
  author={Aggarwal, Alok and Vitter, Jeffrey and others},
  journal={Communications of the ACM},
  volume={31},
  number={9},
  pages={1116--1127},
  year={1988},
  publisher={ACM}
}