
@article{aggarwal1988parallel,
  title={Parallel computational geometry},
  author={Aggarwal, Alok and Chazelle, Bernard and Guibas, Leo and {\'O}'D{\'u}nlaing, Colm and Yap, Chee},
  journal={Algorithmica},
  volume={3},
  number={1},
  pages={293--327},
  year={1988},
  publisher={Springer}
}

@article{atallah1986efficient,
  title={Efficient parallel solutions to some geometric problems},
  author={Atallah, Mikhail J and Goodrich, Michael T},
  journal={Journal of Parallel and Distributed Computing},
  volume={3},
  number={4},
  pages={492--507},
  year={1986},
  publisher={Elsevier}
}

@inproceedings{atallah1986sweeping,
  title={Efficient plane sweeping in parallel},
  author={Atallah, Mikhail J and Goodrich, Michael T},
  booktitle={Proceedings of the second annual symposium on Computational geometry},
  pages={216--225},
  year={1986},
  organization={ACM}
}

@inproceedings{kurabayashi1996cooperative,
  title={Cooperative sweeping by multiple mobile robots},
  author={Kurabayashi, Daisuke and Ota, Jun and Arai, Tamio and Yoshida, Eiichi},
  booktitle={Robotics and Automation, 1996. Proceedings., 1996 IEEE International Conference on},
  volume={2},
  pages={1744--1749},
  year={1996},
  organization={IEEE}
}

@inproceedings{ajwani2010geometric,
  title={Geometric algorithms for private-cache chip multiprocessors},
  author={Ajwani, Deepak and Sitchinava, Nodari and Zeh, Norbert},
  booktitle={European Symposium on Algorithms},
  pages={75--86},
  year={2010},
  organization={Springer}
}

@article{atallah1988parallel,
  title={Parallel algorithms for some functions of two convex polygons},
  author={Atallah, Mikhail J and Goodrich, Michael T},
  journal={Algorithmica},
  volume={3},
  number={1},
  pages={535--548},
  year={1988},
  publisher={Springer}
}

@inproceedings{ajwani2011optimal,
  title={I/O-optimal distribution sweeping on private-cache chip multiprocessors},
  author={Ajwani, Deepak and Sitchinava, Nodari and Zeh, Norbert},
  booktitle={Parallel \& Distributed Processing Symposium (IPDPS), 2011 IEEE International},
  pages={1114--1123},
  year={2011},
  organization={IEEE}
}

@inproceedings{ajwani2013empirical,
  title={Empirical evaluation of the parallel distribution sweeping framework on multicore architectures},
  author={Ajwani, Deepak and Sitchinava, Nodari},
  booktitle={European Symposium on Algorithms},
  pages={25--36},
  year={2013},
  organization={Springer}
}

@article{vitter2008algorithms,
  title={Algorithms and data structures for external memory},
  author={Vitter, Jeffrey Scott},
  journal={Foundations and Trends{\textregistered} in Theoretical Computer Science},
  volume={2},
  number={4},
  pages={305--474},
  year={2008},
  publisher={Now Publishers Inc.}
}

@article{arge2003buffer,
  title={The buffer tree: A technique for designing batched external data structures},
  author={Arge, Lars},
  journal={Algorithmica},
  volume={37},
  number={1},
  pages={1--24},
  year={2003},
  publisher={Springer}
}

@inproceedings{sitchinava2012parallel,
  title={A parallel buffer tree},
  author={Sitchinava, Nodari and Zeh, Norbert},
  booktitle={Proceedings of the twenty-fourth annual ACM symposium on Parallelism in algorithms and architectures},
  pages={214--223},
  year={2012},
  organization={ACM}
}