@techreport{wyllie1979complexity,
  title={The complexity of parallel computations},
  author={Wyllie, James C},
  year={1979},
  institution={Cornell University}
}

@inproceedings{chiang1995external,
  title={External-Memory Graph Algorithms.},
  author={Chiang, Yi-Jen and Goodrich, Michael T and Grove, Edward F and Tamassia, Roberto and Vengroff, Darren Erik and Vitter, Jeffrey Scott},
  booktitle={SODA},
  volume={95},
  pages={139--149},
  year={1995}
}

@article{anderson1990simple,
  title={A simple randomized parallel algorithm for list-ranking},
  author={Anderson, Richard J and Miller, Gary L},
  journal={Information Processing Letters},
  volume={33},
  number={5},
  pages={269--273},
  year={1990},
  publisher={Elsevier}
}

@inproceedings{arge2010parallel,
  title={Parallel external memory graph algorithms},
  author={Arge, Lars and Goodrich, Michael T and Sitchinava, Nodari},
  booktitle={Parallel \& Distributed Processing (IPDPS), 2010 IEEE International Symposium on},
  pages={1--11},
  year={2010},
  organization={IEEE}
}

@inproceedings{jacob2014complexity,
  title={On the complexity of list ranking in the parallel external memory model},
  author={Jacob, Riko and Lieber, Tobias and Sitchinava, Nodari},
  booktitle={International Symposium on Mathematical Foundations of Computer Science},
  pages={384--395},
  year={2014},
  organization={Springer}
}

@article{tarjan1985efficient,
  title={An efficient parallel biconnectivity algorithm},
  author={Tarjan, Robert E and Vishkin, Uzi},
  journal={SIAM Journal on Computing},
  volume={14},
  number={4},
  pages={862--874},
  year={1985},
  publisher={SIAM}
}

@article{miller1989parallel,
  title={Parallel Tree Contraction--Part I: Fundamentals},
  author={Miller, Gary L and Reif, John H},
  year={1989},
  publisher={Citeseer}
}

@article{miller1991parallel,
  title={Parallel tree contraction part 2: further applications},
  author={Miller, Gary L and Reif, John H},
  journal={SIAM Journal on Computing},
  volume={20},
  number={6},
  pages={1128--1147},
  year={1991},
  publisher={SIAM}
}

@article{harel1984fast,
  title={Fast algorithms for finding nearest common ancestors},
  author={Harel, Dov and Tarjan, Robert Endre},
  journal={siam Journal on Computing},
  volume={13},
  number={2},
  pages={338--355},
  year={1984},
  publisher={SIAM}
}

@inproceedings{arge2000external,
  title={On external-memory MST, SSSP, and multi-way planar graph separation},
  author={Arge, Lars and Brodal, Gerth St{\o}lting and Toma, Laura},
  booktitle={Scandinavian Workshop on Algorithm Theory},
  pages={433--447},
  year={2000},
  organization={Springer}
}

@article{arge2007optimal,
  title={An optimal cache-oblivious priority queue and its application to graph algorithms},
  author={Arge, Lars and Bender, Michael A and Demaine, Erik D and Holland-Minkley, Bryan and Ian Munro, J},
  journal={SIAM Journal on Computing},
  volume={36},
  number={6},
  pages={1672--1695},
  year={2007},
  publisher={SIAM}
}

@article{zeh2002efficient,
  title={I/O-efficient graph algorithms},
  author={Zeh, Norbert},
  journal={EEF Summer School on Massive Data Sets},
  year={2002}
}