@inproceedings{gibbons1989more,
  title={A more practical PRAM model},
  author={Gibbons, Phillip B},
  booktitle={Proceedings of the first annual ACM symposium on Parallel algorithms and architectures},
  pages={158--168},
  year={1989},
  organization={ACM}
}

@inproceedings{brodal2003limits,
  title={On the limits of cache-obliviousness},
  author={Brodal, Gerth St{\o}lting and Fagerberg, Rolf},
  booktitle={Proceedings of the thirty-fifth annual ACM symposium on Theory of computing},
  pages={307--315},
  year={2003},
  organization={ACM}
}