@article{bender2010optimal,
  title={Optimal sparse matrix dense vector multiplication in the I/O-model},
  author={Bender, Michael A and Brodal, Gerth St{\o}lting and Fagerberg, Rolf and Jacob, Riko and Vicari, Elias},
  journal={Theory of Computing Systems},
  volume={47},
  number={4},
  pages={934--962},
  year={2010},
  publisher={Springer}
}

@phdthesis{greiner2012sparse,
  title={Sparse Matrix Computations and their I/O Complexity.},
  author={Greiner, Gero},
  year={2012},
  school={Technical University Munich}
}

@article{irony2004communication,
  title={Communication lower bounds for distributed-memory matrix multiplication},
  author={Irony, Dror and Toledo, Sivan and Tiskin, Alexander},
  journal={Journal of Parallel and Distributed Computing},
  volume={64},
  number={9},
  pages={1017--1026},
  year={2004},
  publisher={Elsevier}
}

@article{ballard2011minimizing,
  title={Minimizing communication in numerical linear algebra},
  author={Ballard, Grey and Demmel, James and Holtz, Olga and Schwartz, Oded},
  journal={SIAM Journal on Matrix Analysis and Applications},
  volume={32},
  number={3},
  pages={866--901},
  year={2011},
  publisher={SIAM}
}

@article{ballard2012graph,
  title={Graph expansion and communication costs of fast matrix multiplication},
  author={Ballard, Grey and Demmel, James and Holtz, Olga and Schwartz, Oded},
  journal={Journal of the ACM (JACM)},
  volume={59},
  number={6},
  pages={32},
  year={2012},
  publisher={ACM}
}

@article{catanzaro2014decomposition,
  title={A decomposition for in-place matrix transposition},
  author={Catanzaro, Bryan and Keller, Alexander and Garland, Michael},
  journal={ACM SIGPLAN Notices},
  volume={49},
  number={8},
  pages={193--206},
  year={2014},
  publisher={ACM}
}

@inproceedings{yang2015fast,
  title={Fast sparse matrix and sparse vector multiplication algorithm on the gpu},
  author={Yang, Carl and Wang, Yangzihao and Owens, John D},
  booktitle={Parallel and Distributed Processing Symposium Workshop (IPDPSW), 2015 IEEE International},
  pages={841--847},
  year={2015},
  organization={IEEE}
}