@article{casanova2017efficient,
  title={An Efficient Multiway Mergesort for GPU Architectures},
  author={Casanova, Henri and Iacono, John and Karsin, Ben and Sitchinava, Nodari and Weichert, Volker},
  journal={arXiv preprint arXiv:1702.07961},
  year={2017}
}

@inproceedings{arge2008fundamental,
  title={Fundamental parallel algorithms for private-cache chip multiprocessors},
  author={Arge, Lars and Goodrich, Michael T and Nelson, Michael and Sitchinava, Nodari},
  booktitle={Proceedings of the twentieth annual symposium on Parallelism in algorithms and architectures},
  pages={197--206},
  year={2008},
  organization={ACM}
}

@book{jaja1992introduction,
  title={An introduction to parallel algorithms},
  author={J{\'a}J{\'a}, Joseph},
  volume={17},
  year={1992},
  publisher={Addison-Wesley Reading}
}

@article{aggarwal1988input,
  title={The input/output complexity of sorting and related problems},
  author={Aggarwal, Alok and Vitter, Jeffrey and others},
  journal={Communications of the ACM},
  volume={31},
  number={9},
  pages={1116--1127},
  year={1988},
  publisher={ACM}
}

@phdthesis{greiner2012sparse,
  title={Sparse Matrix Computations and their I/O Complexity.},
  author={Greiner, Gero},
  year={2012},
  school={Technical University Munich}
}

@inproceedings{satish2009designing,
  title={Designing efficient sorting algorithms for manycore GPUs},
  author={Satish, Nadathur and Harris, Mark and Garland, Michael},
  booktitle={Parallel \& Distributed Processing, 2009. IPDPS 2009. IEEE International Symposium on},
  pages={1--10},
  year={2009},
  organization={IEEE}
}

@article{sitchinava2013provably,
  title={Provably efficient gpu algorithms},
  author={Sitchinava, Nodari and Weichert, Volker},
  journal={CoRR, abs/1306.5076},
  year={2013}
}

@inproceedings{batcher1968sorting,
  title={Sorting networks and their applications},
  author={Batcher, Kenneth E},
  booktitle={Proceedings of the April 30--May 2, 1968, spring joint computer conference},
  pages={307--314},
  year={1968},
  organization={ACM}
}

@article{sitchinava2013provably,
  title={Provably efficient gpu algorithms},
  author={Sitchinava, Nodari and Weichert, Volker},
  journal={CoRR, abs/1306.5076},
  year={2013}
}

@inproceedings{satish2009designing,
  title={Designing efficient sorting algorithms for manycore GPUs},
  author={Satish, Nadathur and Harris, Mark and Garland, Michael},
  booktitle={Parallel \& Distributed Processing, 2009. IPDPS 2009. IEEE International Symposium on},
  pages={1--10},
  year={2009},
  organization={IEEE}
}

@inproceedings{green2012gpu,
  title={GPU merge path: a GPU merging algorithm},
  author={Green, Oded and McColl, Robert and Bader, David A},
  booktitle={Proceedings of the 26th ACM international conference on Supercomputing},
  pages={331--340},
  year={2012},
  organization={ACM}
}
