@article{hagerstrand1968innovation,
  title={Innovation diffusion as a spatial process.},
  author={Hagerstrand, Torsten and others},
  journal={Innovation diffusion as a spatial process.},
  year={1968},
  publisher={Chicago, USA: Univ. Chicago Press.}
}

@article{newsome1998urban,
  title={Urban activity spaces: Illustrations and application of a conceptual model for integrating the time and space dimensions},
  author={Newsome, Tracy H and Walcott, Wayne A and Smith, Paul D},
  journal={Transportation},
  volume={25},
  number={4},
  pages={357--377},
  year={1998},
  publisher={Springer}
}

@article{axhausen2002observing,
  title={Observing the rhythms of daily life: A six-week travel diary},
  author={Axhausen, Kay W and Zimmermann, Andrea and Sch{\"o}nfelder, Stefan and Rindsf{\"u}ser, Guido and Haupt, Thomas},
  journal={Transportation},
  volume={29},
  number={2},
  pages={95--124},
  year={2002},
  publisher={Springer}
}

@book{miller2009geographic,
  title={Geographic data mining and knowledge discovery},
  author={Miller, Harvey J and Han, Jiawei},
  year={2009},
  publisher={CRC Press}
}

@inproceedings{zheng2008understanding,
  title={Understanding mobility based on GPS data},
  author={Zheng, Yu and Li, Quannan and Chen, Yukun and Xie, Xing and Ma, Wei-Ying},
  booktitle={Proceedings of the 10th international conference on Ubiquitous computing},
  pages={312--321},
  year={2008},
  organization={ACM}
}

@article{grenfell2001travelling,
  title={Travelling waves and spatial hierarchies in measles epidemics},
  author={Grenfell, BT and Bj{\o}rnstad, ON and Kappey, J},
  journal={Nature},
  volume={414},
  number={6865},
  pages={716--723},
  year={2001},
  publisher={Nature Publishing Group}
}

@article{gonzalez2008understanding,
  title={Understanding individual human mobility patterns},
  author={Gonzalez, Marta C and Hidalgo, Cesar A and Barabasi, Albert-Laszlo},
  journal={Nature},
  volume={453},
  number={7196},
  pages={779--782},
  year={2008},
  publisher={Nature Publishing Group}
}

@misc{MobiAid,
  title = {Brussels MOBI-AID : Brussels MOBIlity Advanced Indicators Dashboard},
  howpublished = {\url{http://mlg.ulb.ac.be/node/810}},
  note = {Accessed: 2017-05-28}
}

@misc{MLG,
  title = {Machine Learning Group},
  howpublished = {\url{http://mlg.ulb.ac.be/}},
  note = {Accessed: 2017-05-28}
}

@misc{MOBI,
  title = {MOBI Research group},
  howpublished = {\url{http://mobi.vub.ac.be/home/}},
  note = {Accessed: 2017-05-28}
}

@misc{Villo,
  title = {Villo dashboard},
  howpublished = {\url{https://github.com/Myxfall/MOBI-AID}},
  note = {Accessed: 2017-05-28}
}
