@article{van1976design,
  title={Design and implementation of an efficient priority queue},
  author={van Emde Boas, Peter and Kaas, Robert and Zijlstra, Erik},
  journal={Mathematical systems theory},
  volume={10},
  number={1},
  pages={99--127},
  year={1976},
  publisher={Springer}
}

@book{cormen2009introduction,
  title={Introduction to algorithms},
  author={Cormen, Thomas H},
  year={2009},
  publisher={MIT press}
}

@article{van1977preserving,
  title={Preserving order in a forest in less than logarithmic time and linear space},
  author={van Emde Boas, Peter},
  journal={Information processing letters},
  volume={6},
  number={3},
  pages={80--82},
  year={1977},
  publisher={Elsevier}
}

@incollection{van2013thirty,
  title={Thirty nine years of stratified trees},
  author={van Emde Boas, Peter},
  year={2013}
}

@article{mehlhorn1990bounded,
  title={Bounded ordered dictionaries in O (log log N) time and O (n) space},
  author={Mehlhorn, Kurt and N{\"a}her, Stefan},
  journal={Information Processing Letters},
  volume={35},
  number={4},
  pages={183--189},
  year={1990},
  publisher={Elsevier}
}

@article{willard1983log,
  title={Log-logarithmic worst-case range queries are possible in space $\Theta$ (N)},
  author={Willard, Dan E},
  journal={Information Processing Letters},
  volume={17},
  number={2},
  pages={81--84},
  year={1983},
  publisher={Elsevier}
}

@inproceedings{patracscu2007randomization,
  title={Randomization does not help searching predecessors},
  author={PÇŽtra{\c{s}}cu, Mihai and Thorup, Mikkel},
  booktitle={Proceedings of the eighteenth annual ACM-SIAM symposium on Discrete algorithms},
  pages={555--564},
  year={2007},
  organization={Society for Industrial and Applied Mathematics}
}

@article{bose2013fast,
  title={Fast local searches and updates in bounded universes},
  author={Bose, Prosenjit and Dou{\"\i}eb, Karim and Dujmovi{\'c}, Vida and Howat, John and Morin, Pat},
  journal={Computational Geometry},
  volume={46},
  number={2},
  pages={181--189},
  year={2013},
  publisher={Elsevier}
}

@inproceedings{belazzougui2009monotone,
  title={Monotone minimal perfect hashing: searching a sorted table with O (1) accesses},
  author={Belazzougui, Djamal and Boldi, Paolo and Pagh, Rasmus and Vigna, Sebastiano},
  booktitle={Proceedings of the twentieth Annual ACM-SIAM Symposium on Discrete Algorithms},
  pages={785--794},
  year={2009},
  organization={SIAM}
}

@inproceedings{fredman1990blasting,
  title={Blasting through the information theoretic barrier with fusion trees},
  author={Fredman, Michael L and Willard, Dan E},
  booktitle={Proceedings of the twenty-second annual ACM symposium on Theory of Computing},
  pages={1--7},
  year={1990},
  organization={ACM}
}