@article{nickolls2008scalable,
  title={Scalable parallel programming with CUDA},
  author={Nickolls, John and Buck, Ian and Garland, Michael and Skadron, Kevin},
  journal={Queue},
  volume={6},
  number={2},
  pages={40--53},
  year={2008},
  publisher={ACM}
}

@article{baskaran2008optimizing,
  title={Optimizing sparse matrix-vector multiplication on GPUs using compile-time and run-time strategies},
  author={Baskaran, Muthu Manikandan and Bordawekar, Rajesh},
  journal={IBM Reserach Report, RC24704 (W0812-047)},
  year={2008}
}

@inproceedings{ueng2008cuda,
  title={CUDA-Lite: Reducing GPU Programming Complexity.},
  author={Ueng, Sain-Zee and Lathara, Melvin and Baghsorkhi, Sara S and Wen-mei, W Hwu},
  booktitle={LCPC},
  volume={8},
  pages={1--15},
  year={2008},
  organization={Springer}
}

@article{harris2007parallel,
  title={Parallel prefix sum (scan) with CUDA},
  author={Harris, Mark and Sengupta, Shubhabrata and Owens, John D},
  journal={GPU gems},
  volume={3},
  number={39},
  pages={851--876},
  year={2007}
}

@article{markov2014limits,
  title={Limits on fundamental limits to computation},
  author={Markov, Igor L},
  journal={Nature},
  volume={512},
  number={7513},
  pages={147--154},
  year={2014},
  publisher={Nature Research}
}

@article{borkar2011future,
  title={The future of microprocessors},
  author={Borkar, Shekhar and Chien, Andrew A},
  journal={Communications of the ACM},
  volume={54},
  number={5},
  pages={67--77},
  year={2011},
  publisher={ACM}
}