@article{bai2003important,
  title={The IMPORTANT framework for analyzing the Impact of Mobility on Performance Of RouTing protocols for Adhoc NeTworks},
  author={Bai, Fan and Sadagopan, Narayanan and Helmy, Ahmed},
  journal={Ad Hoc Networks},
  volume={1},
  number={4},
  pages={383--403},
  year={2003},
  publisher={Elsevier}
}

@inproceedings{saha2004modeling,
  title={Modeling mobility for vehicular ad-hoc networks},
  author={Saha, Amit Kumar and Johnson, David B},
  booktitle={Proceedings of the 1st ACM international workshop on Vehicular ad hoc networks},
  pages={91--92},
  year={2004},
  organization={ACM}
}

@article{harri2009mobility,
  title={Mobility models for vehicular ad hoc networks: a survey and taxonomy},
  author={Harri, Jerome and Filali, Fethi and Bonnet, Christian},
  journal={IEEE Communications Surveys \& Tutorials},
  volume={11},
  number={4},
  year={2009},
  publisher={IEEE}
}

@inproceedings{baumann2008generic,
  title={Generic mobility simulation framework (GMSF)},
  author={Baumann, Rainer and Legendre, Franck and Sommer, Philipp},
  booktitle={Proceedings of the 1st ACM SIGMOBILE workshop on Mobility models},
  pages={49--56},
  year={2008},
  organization={ACM}
}

@inproceedings{ferreira2009stereoscopic,
  title={Stereoscopic aerial photography: an alternative to model-based urban mobility approaches},
  author={Ferreira, Michel and Concei{\c{c}}{\~a}o, Hugo and Fernandes, Ricardo and Tonguz, Ozan K},
  booktitle={Proceedings of the sixth ACM international workshop on VehiculAr InterNETworking},
  pages={53--62},
  year={2009},
  organization={ACM}
}

@incollection{bieker2015traffic,
  title={Traffic simulation for all: a real world traffic scenario from the city of Bologna},
  author={Bieker, Laura and Krajzewicz, Daniel and Morra, AntonioPio and Michelacci, Carlo and Cartolano, Fabio},
  booktitle={Modeling Mobility with Open Data},
  pages={47--60},
  year={2015},
  publisher={Springer}
}

@inproceedings{pigne2011vehicular,
  title={A vehicular mobility model based on real traffic counting data},
  author={Pign{\'e}, Yoann and Danoy, Gr{\'e}goire and Bouvry, Pascal},
  booktitle={International Workshop on Communication Technologies for Vehicles},
  pages={131--142},
  year={2011},
  organization={Springer}
}

@article{raney2003agent,
  title={An agent-based microsimulation model of Swiss travel: First results},
  author={Raney, Bryan and Cetin, Nurhan and V{\"o}llmy, Andreas and Vrtic, Milenko and Axhausen, Kay and Nagel, Kai},
  journal={Networks and Spatial Economics},
  volume={3},
  number={1},
  pages={23--41},
  year={2003},
  publisher={Springer}
}

@inproceedings{yuan2010t,
  title={T-drive: driving directions based on taxi trajectories},
  author={Yuan, Jing and Zheng, Yu and Zhang, Chengyang and Xie, Wenlei and Xie, Xing and Sun, Guangzhong and Huang, Yan},
  booktitle={Proceedings of the 18th SIGSPATIAL International conference on advances in geographic information systems},
  pages={99--108},
  year={2010},
  organization={ACM}
}

@misc{TapasCologne,
  title = {Tapas KÃ¶ln},
  howpublished = {\url{http://sumo.dlr.de/wiki/Data/Scenarios/TAPASCologne}},
  note = {Accessed: 2017-05-03}
}

@misc{CityPulseSmartCityDataset,
  title = {Aarhus Dataset},
  howpublished = {\url{http://iot.ee.surrey.ac.uk:8080/datasets.html}},
  note = {Accessed: 2017-05-03}
}

@misc{CityPulseSmartCityDatasetRealTime,
  title = {Aarhus Dataset Real Time},
  howpublished = {\url{https://www.odaa.dk/dataset/realtids-trafikdata/resource/b3eeb0ff-c8a8-4824-99d6-e0a3747c8b0d}},
  note = {Accessed: 2017-05-03}
}

@misc{OpenStreepMap,
  title = {Open Street Map},
  howpublished = {\url{https://www.openstreetmap.org/}},
  note = {Accessed: 2017-05-03}
}

@misc{OpenDataAarhus,
  title = {Open Data Aarhus},
  howpublished = {\url{https://www.odaa.dk/}},
  note = {Accessed: 2017-05-03}
}

@article{gawron1998iterative,
  title={An iterative algorithm to determine the dynamic user equilibrium in a traffic simulation model},
  author={Gawron, Christian},
  journal={International Journal of Modern Physics C},
  volume={9},
  number={03},
  pages={393--407},
  year={1998},
  publisher={World Scientific}
}

@inproceedings{uppoor2011large,
  title={Large-scale urban vehicular mobility for networking research},
  author={Uppoor, Sandesh and Fiore, Marco},
  booktitle={Vehicular Networking Conference (VNC), 2011 IEEE},
  pages={62--69},
  year={2011},
  organization={IEEE}
}

@inproceedings{uppoor2012insights,
  title={Insights on metropolitan-scale vehicular mobility from a networking perspective},
  author={Uppoor, Sandesh and Fiore, Marco},
  booktitle={Proceedings of the 4th ACM international workshop on Hot topics in planet-scale measurement},
  pages={39--44},
  year={2012},
  organization={ACM}
}