@article{harris2007optimizing,
  title={Optimizing cuda},
  author={Harris, Mark},
  journal={SC07: High Performance Computing With CUDA},
  year={2007}
}

@misc{gpuperformance,
  title = {GPU performance tool},
  howpublished = {\url{http://www.gpuperformance.org/}},
  note = {Accessed: 2018-03-22}
}