@article{comer1979ubiquitous,
  title={Ubiquitous B-tree},
  author={Comer, Douglas},
  journal={ACM Computing Surveys (CSUR)},
  volume={11},
  number={2},
  pages={121--137},
  year={1979},
  publisher={ACM}
}

@article{bender2005cache,
  title={Cache-oblivious B-trees},
  author={Bender, Michael A and Demaine, Erik D and Farach-Colton, Martin},
  journal={SIAM Journal on Computing},
  volume={35},
  number={2},
  pages={341--358},
  year={2005},
  publisher={SIAM}
}

@inproceedings{fix2011accelerating,
  title={Accelerating braided b+ tree searches on a gpu with cuda},
  author={Fix, Jordan and Wilkes, Andrew and Skadron, Kevin},
  booktitle={Proceedings of the 2nd Workshop on Applications for Multi and Many Core Processors: Analysis, Implementation, and Performance (A4MMC)},
  year={2011}
}

@inproceedings{maier2016concurrent,
  title={Concurrent hash tables: Fast and general?(!)},
  author={Maier, Tobias and Sanders, Peter and Dementiev, Roman},
  booktitle={ACM SIGPLAN Notices},
  volume={51},
  number={8},
  pages={34},
  year={2016},
  organization={ACM}
}

@inproceedings{braginsky2012lock,
  title={A lock-free B+ tree},
  author={Braginsky, Anastasia and Petrank, Erez},
  booktitle={Proceedings of the twenty-fourth annual ACM symposium on Parallelism in algorithms and architectures},
  pages={58--67},
  year={2012},
  organization={ACM}
}