@collection{ATILF,
    publisher = {Fayard},
    author = {Académie française},
    title = {Dictionnaire de l'Académie française (9e édition)},
    year = {1990},
    url = {http://atilf.atilf.fr/dendien/scripts/tlfiv5/advanced.exe?8;s=1420509375;},
}

@misc{SCIKIT,
  title = {scikit-learn: Machine Learning in Python},
  howpublished = {http://scikit-learn.org/stable/},
  note = {Accessed: 2016-02-29}
}
