%Introduction

@book{cressie2015statistics,
  title={Statistics for spatio-temporal data},
  author={Cressie, Noel and Wikle, Christopher K},
  year={2015},
  publisher={John Wiley \& Sons}
}

%Introduction data mining

@book{han2011data,
  title={Data mining: concepts and techniques},
  author={Han, Jiawei and Kamber, Micheline and Pei, Jian},
  year={2011},
  publisher={Elsevier}
}

@book{pyle1999data,
  title={Data preparation for data mining},
  author={Pyle, Dorian},
  volume={1},
  year={1999},
  publisher={Morgan Kaufmann}
}

%Spatial processes

@article{de2010spatial,
  title={Spatial autocorrelation and the scaling of species--environment relationships},
  author={De Knegt, HJ and van Langevelde, F van and Coughenour, MB and Skidmore, AK and De Boer, WF and Heitk{\"o}nig, IMA and Knox, NM and Slotow, R and Van der Waal, C and Prins, HHT},
  journal={Ecology},
  volume={91},
  number={8},
  pages={2455--2465},
  year={2010},
  publisher={Wiley Online Library}
}

@article{legendre1993spatial,
  title={Spatial autocorrelation: trouble or new paradigm?},
  author={Legendre, Pierre},
  journal={Ecology},
  volume={74},
  number={6},
  pages={1659--1673},
  year={1993},
  publisher={Wiley Online Library}
}

@article{f2007methods,
  title={Methods to account for spatial autocorrelation in the analysis of species distributional data: a review},
  author={F Dormann, Carsten and M McPherson, Jana and B Ara{\'u}jo, Miguel and Bivand, Roger and Bolliger, Janine and Carl, Gudrun and G Davies, Richard and Hirzel, Alexandre and Jetz, Walter and Daniel Kissling, W and others},
  journal={Ecography},
  volume={30},
  number={5},
  pages={609--628},
  year={2007},
  publisher={Wiley Online Library}
}

@article{dixon2002ripley,
  title={Ripley's K function},
  author={Dixon, Philip M},
  journal={Encyclopedia of environmetrics},
  year={2002},
  publisher={Wiley Online Library}
}

@book{gelfand2010handbook,
  title={Handbook of spatial statistics},
  author={Gelfand, Alan E and Diggle, Peter J and Fuentes, Montserrat and Guttorp, Peter},
  year={2010},
  publisher={CRC press}
}

@article{besag1974spatial,
  title={Spatial interaction and the statistical analysis of lattice systems},
  author={Besag, Julian},
  journal={Journal of the Royal Statistical Society. Series B (Methodological)},
  pages={192--236},
  year={1974},
  publisher={JSTOR}
}

@article{ripley1977modelling,
  title={Modelling spatial patterns},
  author={Ripley, Brian D},
  journal={Journal of the Royal Statistical Society. Series B (Methodological)},
  pages={172--212},
  year={1977},
  publisher={JSTOR}
}

@article{matheron1973intrinsic,
  title={The intrinsic random functions and their applications},
  author={Matheron, Georges},
  journal={Advances in applied probability},
  volume={5},
  number={03},
  pages={439--468},
  year={1973},
  publisher={Cambridge Univ Press}
}

@article{cressie1990origins,
  title={The origins of kriging},
  author={Cressie, Noel},
  journal={Mathematical geology},
  volume={22},
  number={3},
  pages={239--252},
  year={1990},
  publisher={Springer}
}

% Continuous variation

@article{kolmogorov1960strong,
  title={On strong mixing conditions for stationary Gaussian processes},
  author={Kolmogorov, Andrei Nikolaevich and Rozanov, Yu A},
  journal={Theory of Probability \& Its Applications},
  volume={5},
  number={2},
  pages={204--208},
  year={1960},
  publisher={SIAM}
}

@book{matheron1971theory,
  title={The theory of regionalized variables and its applications},
  author={Matheron, Georges},
  volume={5},
  year={1971},
  publisher={{\'E}cole national sup{\'e}rieure des mines}
}

@article{ver1993multivariable,
  title={Multivariable spatial prediction},
  author={Ver Hoef, Jay M and Cressie, Noel},
  journal={Mathematical Geology},
  volume={25},
  number={2},
  pages={219--240},
  year={1993},
  publisher={Springer}
}

@article{breusch1979simple,
  title={A simple test for heteroscedasticity and random coefficient variation},
  author={Breusch, Trevor S and Pagan, Adrian R},
  journal={Econometrica: Journal of the Econometric Society},
  pages={1287--1294},
  year={1979},
  publisher={JSTOR}
}

% Lattice

@article{zhang2001segmentation,
  title={Segmentation of brain MR images through a hidden Markov random field model and the expectation-maximization algorithm},
  author={Zhang, Yongyue and Brady, Michael and Smith, Stephen},
  journal={IEEE transactions on medical imaging},
  volume={20},
  number={1},
  pages={45--57},
  year={2001},
  publisher={IEEE}
}

@article{grimmett1973theorem,
  title={A theorem about random fields},
  author={Grimmett, Geoffrey R},
  journal={Bulletin of the London Mathematical Society},
  volume={5},
  number={1},
  pages={81--84},
  year={1973},
  publisher={Oxford University Press}
}

@article{geman1984stochastic,
  title={Stochastic relaxation, Gibbs distributions, and the Bayesian restoration of images},
  author={Geman, Stuart and Geman, Donald},
  journal={IEEE Transactions on pattern analysis and machine intelligence},
  number={6},
  pages={721--741},
  year={1984},
  publisher={IEEE}
}

@article{kaiser2000construction,
  title={The construction of multivariate distributions from Markov random fields},
  author={Kaiser, Mark S and Cressie, Noel},
  journal={Journal of Multivariate Analysis},
  volume={73},
  number={2},
  pages={199--220},
  year={2000},
  publisher={Elsevier}
}

@article{west1985dynamic,
  title={Dynamic generalized linear models and Bayesian forecasting},
  author={West, Mike and Harrison, P Jeff and Migon, Helio S},
  journal={Journal of the American Statistical Association},
  volume={80},
  number={389},
  pages={73--83},
  year={1985},
  publisher={Taylor \& Francis}
}

@article{lichstein2002spatial,
  title={Spatial autocorrelation and autoregressive models in ecology},
  author={Lichstein, Jeremy W and Simons, Theodore R and Shriner, Susan A and Franzreb, Kathleen E},
  journal={Ecological monographs},
  volume={72},
  number={3},
  pages={445--463},
  year={2002},
  publisher={Wiley Online Library}
}

@article{wall2004close,
  title={A close look at the spatial structure implied by the CAR and SAR models},
  author={Wall, Melanie M},
  journal={Journal of statistical planning and inference},
  volume={121},
  number={2},
  pages={311--324},
  year={2004},
  publisher={Elsevier}
}

% Spatial Point Process

@book{daley2007introduction,
  title={An introduction to the theory of point processes: volume II: general theory and structure},
  author={Daley, Daryl J and Vere-Jones, David},
  year={2007},
  publisher={Springer Science \& Business Media}
}

@article{baddeley2007spatial,
  title={Spatial point processes and their applications},
  author={Baddeley, Adrian and B{\'a}r{\'a}ny, Imre and Schneider, Rolf},
  journal={Stochastic Geometry: Lectures given at the CIME Summer School held in Martina Franca, Italy, September 13--18, 2004},
  pages={1--75},
  year={2007},
  publisher={Springer}
}

@article{cox1955some,
  title={Some statistical methods connected with series of events},
  author={Cox, David R},
  journal={Journal of the Royal Statistical Society. Series B (Methodological)},
  pages={129--164},
  year={1955},
  publisher={JSTOR}
}

@book{illian2008statistical,
  title={Statistical analysis and modelling of spatial point patterns},
  author={Illian, Janine and Penttinen, Antti and Stoyan, Helga and Stoyan, Dietrich},
  volume={70},
  year={2008},
  publisher={John Wiley \& Sons}
}

% SPATIO TEMPORAL

@book{prevot2007concise,
  title={A concise course on stochastic partial differential equations},
  author={Pr{\'e}v{\^o}t, Claudia and R{\"o}ckner, Michael},
  volume={1905},
  year={2007},
  publisher={Springer}
}

@article{wikle2003bf,
  title={$\backslash$ bf Hierarchical Models in Environmental Science},
  author={Wikle, Christopher K and others},
  journal={International Statistical Review},
  volume={71},
  number={2},
  pages={181--199},
  year={2003},
  publisher={International Statistical Institute}
}

@book{stein2012interpolation,
  title={Interpolation of spatial data: some theory for kriging},
  author={Stein, Michael L},
  year={2012},
  publisher={Springer Science \& Business Media}
}

@article{cressie1999classes,
  title={Classes of nonseparable, spatio-temporal stationary covariance functions},
  author={Cressie, Noel and Huang, Hsin-Cheng},
  journal={Journal of the American Statistical Association},
  volume={94},
  number={448},
  pages={1330--1339},
  year={1999},
  publisher={Taylor \& Francis Group}
}

@article{genton2007separable,
  title={Separable approximations of space-time covariance matrices},
  author={Genton, Marc G},
  journal={Environmetrics},
  volume={18},
  number={7},
  pages={681--695},
  year={2007},
  publisher={Wiley Online Library}
}

@article{fuentes2006testing,
  title={Testing for separability of spatial--temporal covariance functions},
  author={Fuentes, Montserrat},
  journal={Journal of statistical planning and inference},
  volume={136},
  number={2},
  pages={447--466},
  year={2006},
  publisher={Elsevier}
}

@article{fuentes2008class,
  title={A class of nonseparable and nonstationary spatial temporal covariance functions},
  author={Fuentes, Montserrat and Chen, Li and Davis, Jerry M},
  journal={Environmetrics},
  volume={19},
  number={5},
  pages={487--507},
  year={2008},
  publisher={Wiley Online Library}
}

@article{cressie1986kriging,
  title={Kriging nonstationary data},
  author={Cressie, Noel},
  journal={Journal of the American Statistical Association},
  volume={81},
  number={395},
  pages={625--634},
  year={1986},
  publisher={Taylor \& Francis Group}
}

@book{wackernagel2013multivariate,
  title={Multivariate geostatistics: an introduction with applications},
  author={Wackernagel, Hans},
  year={2013},
  publisher={Springer Science \& Business Media}
}

@book{whittle1986systems,
  title={Systems in stochastic equilibrium},
  author={Whittle, Peter},
  year={1986},
  publisher={John Wiley \& Sons, Inc.}
}

@article{wikle2003hierarchical,
  title={Hierarchical Bayesian models for predicting the spread of ecological processes},
  author={Wikle, Christopher K},
  journal={Ecology},
  volume={84},
  number={6},
  pages={1382--1394},
  year={2003},
  publisher={Wiley Online Library}
}

% Temporal process

@article{kendall1946advanced,
  title={The advanced theory of statistics},
  author={Kendall, Maurice George and others},
  journal={The advanced theory of statistics.},
  number={2nd Ed},
  year={1946},
  publisher={Charles Griffin and Co., Ltd., London}
}

@book{chatfield2000time,
  title={Time-series forecasting},
  author={Chatfield, Chris},
  year={2000},
  publisher={CRC Press}
}

@book{chatfield2016analysis,
  title={The analysis of time series: an introduction},
  author={Chatfield, Chris},
  year={2016},
  publisher={CRC press}
}

@book{box2015time,
  title={Time series analysis: forecasting and control},
  author={Box, George EP and Jenkins, Gwilym M and Reinsel, Gregory C and Ljung, Greta M},
  year={2015},
  publisher={John Wiley \& Sons}
}

@book{lutkepohl2005new,
  title={New introduction to multiple time series analysis},
  author={L{\"u}tkepohl, Helmut},
  year={2005},
  publisher={Springer Science \& Business Media}
}

% Spatio temporal series

@article{rouhani1990multivariate,
  title={Multivariate geostatistical approach to space-time data analysis},
  author={Rouhani, Shahrokh and Wackernagel, Hans},
  journal={Water Resources Research},
  volume={26},
  number={4},
  pages={585--591},
  year={1990},
  publisher={Citeseer}
}

@article{wikle1999dimension,
  title={A dimension-reduced approach to space-time Kalman filtering},
  author={Wikle, Christopher K and Cressie, Noel},
  journal={Biometrika},
  pages={815--829},
  year={1999},
  publisher={JSTOR}
}

@article{allcroft2003latent,
  title={A latent Gaussian Markov random-field model for spatiotemporal rainfall disaggregation},
  author={Allcroft, David J and Glasbey, Chris A},
  journal={Journal of the Royal Statistical Society: Series C (Applied Statistics)},
  volume={52},
  number={4},
  pages={487--498},
  year={2003},
  publisher={Wiley Online Library}
}

@article{pfeifer1980identification,
  title={Identification and interpretation of first order space-time ARMA models},
  author={Pfeifer, Phillip E and Deutsch, Stuart Jay},
  journal={Technometrics},
  volume={22},
  number={3},
  pages={397--408},
  year={1980},
  publisher={Taylor \& Francis}
}

% DTSM

@article{wikle1998hierarchical,
  title={Hierarchical Bayesian space-time models},
  author={Wikle, Christopher K and Berliner, L Mark and Cressie, Noel},
  journal={Environmental and Ecological Statistics},
  volume={5},
  number={2},
  pages={117--154},
  year={1998},
  publisher={Springer}
}

@article{gotway2002combining,
  title={Combining incompatible spatial data},
  author={Gotway, Carol A and Young, Linda J},
  journal={Journal of the American Statistical Association},
  volume={97},
  number={458},
  pages={632--648},
  year={2002},
  publisher={Taylor \& Francis}
}

@article{wikle2001spatiotemporal,
  title={Spatiotemporal hierarchical Bayesian modeling tropical ocean surface winds},
  author={Wikle, Christopher K and Milliff, Ralph F and Nychka, Doug and Berliner, L Mark},
  journal={Journal of the American Statistical Association},
  volume={96},
  number={454},
  pages={382--397},
  year={2001},
  publisher={Taylor \& Francis}
}

@article{sanso1999venezuelan,
  title={Venezuelan rainfall data analysed by using a Bayesian space--time model},
  author={Sanso, Bruno and Guenni, Lelys},
  journal={Journal of the Royal Statistical Society: Series C (Applied Statistics)},
  volume={48},
  number={3},
  pages={345--362},
  year={1999},
  publisher={Wiley Online Library}
}

@article{hooten2008hierarchical,
  title={A hierarchical Bayesian non-linear spatio-temporal model for the spread of invasive species with application to the Eurasian Collared-Dove},
  author={Hooten, Mevin B and Wikle, Christopher K},
  journal={Environmental and Ecological Statistics},
  volume={15},
  number={1},
  pages={59--70},
  year={2008},
  publisher={Springer}
}

@book{banerjee2014hierarchical,
  title={Hierarchical modeling and analysis for spatial data},
  author={Banerjee, Sudipto and Carlin, Bradley P and Gelfand, Alan E},
  year={2014},
  publisher={Crc Press}
}

@article{cameletti2013spatio,
  title={Spatio-temporal modeling of particulate matter concentration through the SPDE approach},
  author={Cameletti, Michela and Lindgren, Finn and Simpson, Daniel and Rue, H{\aa}vard},
  journal={AStA Advances in Statistical Analysis},
  volume={97},
  number={2},
  pages={109--131},
  year={2013},
  publisher={Springer}
}

@book{grewal2011kalman,
  title={Kalman filtering},
  author={Grewal, Mohinder S},
  year={2011},
  publisher={Springer}
}

@article{wikle2010general,
  title={A general science-based framework for dynamical spatio-temporal models},
  author={Wikle, Christopher K and Hooten, Mevin B},
  journal={Test},
  volume={19},
  number={3},
  pages={417--451},
  year={2010},
  publisher={Springer}
}

@article{leeds2014emulator,
  title={Emulator-assisted reduced-rank ecological data assimilation for nonlinear multivariate dynamical spatio-temporal processes},
  author={Leeds, William B and Wikle, Christopher K and Fiechter, Jerome},
  journal={Statistical Methodology},
  volume={17},
  pages={126--138},
  year={2014},
  publisher={Elsevier}
}

@article{kalman1960new,
  title={A new approach to linear filtering and prediction problems},
  author={Kalman, Rudolph Emil and others},
  journal={Journal of basic Engineering},
  volume={82},
  number={1},
  pages={35--45},
  year={1960}
}

@book{shumway2010time,
  title={Time series analysis and its applications: with R examples},
  author={Shumway, Robert H and Stoffer, David S},
  year={2010},
  publisher={Springer Science \& Business Media}
}

@inproceedings{van2000unscented,
  title={The unscented particle filter},
  author={Van Der Merwe, Rudolph and Doucet, Arnaud and De Freitas, Nando and Wan, Eric},
  booktitle={Nips},
  volume={2000},
  pages={584--590},
  year={2000},
  organization={Denver, CO, USA}
}

@article{rue2009approximate,
  title={Approximate Bayesian inference for latent Gaussian models by using integrated nested Laplace approximations},
  author={Rue, H{\aa}vard and Martino, Sara and Chopin, Nicolas},
  journal={Journal of the royal statistical society: Series b (statistical methodology)},
  volume={71},
  number={2},
  pages={319--392},
  year={2009},
  publisher={Wiley Online Library}
}

% Visualisation

@book{chen2007handbook,
  title={Handbook of data visualization},
  author={Chen, Chun-houh and H{\"a}rdle, Wolfgang Karl and Unwin, Antony},
  year={2007},
  publisher={Springer Science \& Business Media}
}

@article{hovmoller1949trough,
  title={The trough-and-ridge diagram},
  author={Hovm{\"o}ller, Ernest},
  journal={Tellus},
  volume={1},
  number={2},
  pages={62--66},
  year={1949},
  publisher={Taylor \& Francis}
}

@inproceedings{peterson1994spatial,
  title={Spatial visualization through cartographic animation: theory and practice},
  author={Peterson, Michael P},
  booktitle={GIS/LIS},
  pages={619--628},
  year={1994}
}

@article{andrienko2003exploratory,
  title={Exploratory spatio-temporal visualization: an analytical review},
  author={Andrienko, Natalia and Andrienko, Gennady and Gatalsky, Peter},
  journal={Journal of Visual Languages \& Computing},
  volume={14},
  number={6},
  pages={503--541},
  year={2003},
  publisher={Elsevier}
}

@article{anselin1995local,
  title={Local indicators of spatial association—LISA},
  author={Anselin, Luc},
  journal={Geographical analysis},
  volume={27},
  number={2},
  pages={93--115},
  year={1995},
  publisher={Wiley Online Library}
}

@article{renshaw1983interpretation,
  title={The interpretation of process from pattern using two-dimensional spectral analysis: methods and problems of interpretation},
  author={Renshaw, E and Ford, ED},
  journal={Applied Statistics},
  pages={51--63},
  year={1983},
  publisher={JSTOR}
}

@book{jolliffe2002principal,
  title={Principal component analysis},
  author={Jolliffe, Ian},
  year={2002},
  publisher={Wiley Online Library}
}

% Point process

@article{diggle1985kernel,
  title={A kernel method for smoothing point process data},
  author={Diggle, Peter},
  journal={Applied statistics},
  pages={138--147},
  year={1985},
  publisher={JSTOR}
}

@article{gabriel2009second,
  title={Second-order analysis of inhomogeneous spatio-temporal point process data},
  author={Gabriel, Edith and Diggle, Peter J},
  journal={Statistica Neerlandica},
  volume={63},
  number={1},
  pages={43--51},
  year={2009},
  publisher={Wiley Online Library}
}

@book{diggle2013statistical,
  title={Statistical analysis of spatial and spatio-temporal point patterns},
  author={Diggle, Peter J},
  year={2013},
  publisher={CRC Press}
}

% ETUDES

@article{brockmann2006scaling,
  title={The scaling laws of human travel},
  author={Brockmann, Dirk and Hufnagel, Lars and Geisel, Theo},
  journal={Nature},
  volume={439},
  number={7075},
  pages={462--465},
  year={2006},
  publisher={Nature Publishing Group}
}

@article{higgins1999predicting,
  title={Predicting plant migration rates in a changing world: the role of long-distance dispersal},
  author={Higgins, Steven I and Richardson, David M},
  journal={The American Naturalist},
  volume={153},
  number={5},
  pages={464--475},
  year={1999},
  publisher={The University of Chicago Press}
}

@book{southwood2009ecological,
  title={Ecological methods},
  author={Southwood, Thomas Richard Edmund and Henderson, Peter A},
  year={2009},
  publisher={John Wiley \& Sons}
}

@article{nathan2003methods,
  title={Methods for estimating long-distance dispersal},
  author={Nathan, Ran and Perry, Gad and Cronin, James T and Strand, Allan E and Cain, Michael L},
  journal={Oikos},
  volume={103},
  number={2},
  pages={261--273},
  year={2003},
  publisher={Wiley Online Library}
}

@article{einstein1905movement,
  title={Un the movement of small particles suspended in statiunary liquids required by the molecular-kinetic theory 0f heat},
  author={Einstein, A},
  journal={Ann. d. Phys},
  volume={17},
  pages={549--560},
  year={1905}
}

@article{rhee2011levy,
  title={On the levy-walk nature of human mobility},
  author={Rhee, Injong and Shin, Minsu and Hong, Seongik and Lee, Kyunghan and Kim, Seong Joon and Chong, Song},
  journal={IEEE/ACM transactions on networking (TON)},
  volume={19},
  number={3},
  pages={630--643},
  year={2011},
  publisher={IEEE Press}
}

@article{sims2008scaling,
  title={Scaling laws of marine predator search behaviour},
  author={Sims, David W and Southall, Emily J and Humphries, Nicolas E and Hays, Graeme C and Bradshaw, Corey JA and Pitchford, Jonathan W and James, Alex and Ahmed, Mohammed Z and Brierley, Andrew S and Hindell, Mark A and others},
  journal={Nature},
  volume={451},
  number={7182},
  pages={1098--1102},
  year={2008},
  publisher={Nature Publishing Group}
}

@article{camp2002survey,
  title={A survey of mobility models for ad hoc network research},
  author={Camp, Tracy and Boleng, Jeff and Davies, Vanessa},
  journal={Wireless communications and mobile computing},
  volume={2},
  number={5},
  pages={483--502},
  year={2002},
  publisher={Wiley Online Library}
}

@article{bettstetter2001mobility,
  title={Mobility modeling in wireless networks: categorization, smooth movement, and border effects},
  author={Bettstetter, Christian},
  journal={ACM SIGMOBILE Mobile Computing and Communications Review},
  volume={5},
  number={3},
  pages={55--66},
  year={2001},
  publisher={ACM}
}

@inproceedings{lee2009slaw,
  title={Slaw: A new mobility model for human walks},
  author={Lee, Kyunghan and Hong, Seongik and Kim, Seong Joon and Rhee, Injong and Chong, Song},
  booktitle={INFOCOM 2009, IEEE},
  pages={855--863},
  year={2009},
  organization={IEEE}
}

@inproceedings{cho2011friendship,
  title={Friendship and mobility: user movement in location-based social networks},
  author={Cho, Eunjoon and Myers, Seth A and Leskovec, Jure},
  booktitle={Proceedings of the 17th ACM SIGKDD international conference on Knowledge discovery and data mining},
  pages={1082--1090},
  year={2011},
  organization={ACM}
}

%Taxi

@article{ferreira2013visual,
  title={Visual exploration of big spatio-temporal urban data: A study of new york city taxi trips},
  author={Ferreira, Nivan and Poco, Jorge and Vo, Huy T and Freire, Juliana and Silva, Cl{\'a}udio T},
  journal={IEEE Transactions on Visualization and Computer Graphics},
  volume={19},
  number={12},
  pages={2149--2158},
  year={2013},
  publisher={IEEE}
}

@article{uppoor2014generation,
  title={Generation and analysis of a large-scale urban vehicular mobility dataset},
  author={Uppoor, Sandesh and Trullols-Cruces, Oscar and Fiore, Marco and Barcelo-Ordinas, Jose M},
  journal={IEEE Transactions on Mobile Computing},
  volume={13},
  number={5},
  pages={1061--1075},
  year={2014},
  publisher={IEEE}
}

% Foursquare

@article{noulas2011empirical,
  title={An Empirical Study of Geographic User Activity Patterns in Foursquare.},
  author={Noulas, Anastasios and Scellato, Salvatore and Mascolo, Cecilia and Pontil, Massimiliano},
  journal={ICwSM},
  volume={11},
  pages={70--573},
  year={2011}
}

@article{noulas2012tale,
  title={A tale of many cities: universal patterns in human urban mobility},
  author={Noulas, Anastasios and Scellato, Salvatore and Lambiotte, Renaud and Pontil, Massimiliano and Mascolo, Cecilia},
  journal={PloS one},
  volume={7},
  number={5},
  pages={e37027},
  year={2012},
  publisher={Public Library of Science}
}

@inproceedings{hasan2013understanding,
  title={Understanding urban human activity and mobility patterns using large-scale location-based data from online social media},
  author={Hasan, Samiul and Zhan, Xianyuan and Ukkusuri, Satish V},
  booktitle={Proceedings of the 2nd ACM SIGKDD international workshop on urban computing},
  pages={6},
  year={2013},
  organization={ACM}
}

@article{cheng2011exploring,
  title={Exploring millions of footprints in location sharing services.},
  author={Cheng, Zhiyuan and Caverlee, James and Lee, Kyumin and Sui, Daniel Z},
  journal={ICWSM},
  volume={2011},
  pages={81--88},
  year={2011}
}

% Data mobile

@article{becker2013human,
  title={Human mobility characterization from cellular network data},
  author={Becker, Richard and C{\'a}ceres, Ram{\'o}n and Hanson, Karrie and Isaacman, Sibren and Loh, Ji Meng and Martonosi, Margaret and Rowland, James and Urbanek, Simon and Varshavsky, Alexander and Volinsky, Chris},
  journal={Communications of the ACM},
  volume={56},
  number={1},
  pages={74--82},
  year={2013},
  publisher={ACM}
}

@article{de2013unique,
  title={Unique in the crowd: The privacy bounds of human mobility},
  author={De Montjoye, Yves-Alexandre and Hidalgo, C{\'e}sar A and Verleysen, Michel and Blondel, Vincent D},
  journal={Scientific reports},
  volume={3},
  pages={1376},
  year={2013},
  publisher={Nature Publishing Group}
}

@article{ahas2010daily,
  title={Daily rhythms of suburban commuters’ movements in the Tallinn metropolitan area: Case study with mobile positioning data},
  author={Ahas, Rein and Aasa, Anto and Silm, Siiri and Tiru, Margus},
  journal={Transportation Research Part C: Emerging Technologies},
  volume={18},
  number={1},
  pages={45--54},
  year={2010},
  publisher={Elsevier}
}

@article{deville2014dynamic,
  title={Dynamic population mapping using mobile phone data},
  author={Deville, Pierre and Linard, Catherine and Martin, Samuel and Gilbert, Marius and Stevens, Forrest R and Gaughan, Andrea E and Blondel, Vincent D and Tatem, Andrew J},
  journal={Proceedings of the National Academy of Sciences},
  volume={111},
  number={45},
  pages={15888--15893},
  year={2014},
  publisher={National Acad Sciences}
}

% Données

@misc{EU-833-2011,
  author={{Council of European Union}},
  title={Council regulation ({EU}) no 833/2011},
  year={2011},
  note={\newline\url{http://eur-lex.europa.eu/legal-content/en/TXT/?uri=CELEX:32011D0833}},
}

@misc{FourSquare,
  title = {Foursquare API},
  howpublished = {\url{https://developer.foursquare.com/}},
  note = {Accessed: 2017-05-04}
}

@article{SUMO2012,
          volume = {5},
          number = {3\&4 },
           month = {December},
          author = {Daniel Krajzewicz and Jakob Erdmann and Michael Behrisch and Laura Bieker},
          series = {International Journal On Advances in Systems and Measurements},
           title = {Recent Development and Applications of {SUMO - Simulation of Urban MObility}},
            year = {2012},
         journal = {International Journal On Advances in Systems and Measurements},
           pages = {128--138},
        keywords = {microscopic traffic simulation, traffic management, open source},
             url = {http://elib.dlr.de/80483/},
        abstract = {SUMO is an open source traffic simulation package including the simulation
                    application itself as well as supporting tools, mainly for network import
                    and demand modeling. SUMO helps to investigate a large variety of research topics,
                    mainly in the context of traffic management and vehicular communications.
                    We describe the current state of the package, its major applications,
                    both by research topic and by example, as well as future developments and extensions.}
}

@Manual{VANET_software,
    title = {VanetMobiSim},
    author = {{Vanet Mobi Sim Development Team}},
    organization = {Vanet Mobi Sim project},
    year = {2017},
    url = {http://vanet.eurecom.fr},
}

@Manual{GRASS_GIS_software,
    title = {Geographic Resources Analysis Support System (GRASS GIS) Software, Version 7.2},
    author = {{GRASS Development Team}},
    organization = {Open Source Geospatial Foundation},
    year = {2017},
    url = {http://grass.osgeo.org},
}

@Manual{QGIS_software,
    title = {QGIS Geographic Information System},
    author = {{QGIS Development Team}},
    organization = {Open Source Geospatial Foundation},
    year = {2017},
    url = {http://qgis.osgeo.org},
}

@Manual{ArcGIS_software,
    title = {ESRI ArcGIS Desktop},
    author = {{ESRI Development Team}},
    organization = {Redlands, CA: Environmental Systems Research Institute},
    year = {2017},
    url = {http://www.esri.com/arcgis/about-arcgis},
}

% LINK TO DATASET

@misc{DataEuropa,
  title = {Data Europa},
  howpublished = {\url{https://data.europa.eu/}},
  note = {Accessed: 2017-05-03}
}

@misc{OpenDataMonitor,
  title = {Open Data Monitor},
  howpublished = {\url{http://opendatamonitor.eu}},
  note = {Accessed: 2017-05-03}
}

@misc{BrusselsMobility,
  title = {Bruxelles Mobilité},
  howpublished = {\url{http://data-mobility.brussels/fr/}},
  note = {Accessed: 2017-05-03}
}

@misc{OpenDataBruxelles,
  title = {Open Data Bruxelles},
  howpublished = {\url{http://opendatastore.brussels/dataset}},
  note = {Accessed: 2017-05-03}
}

@misc{DataGent,
  title = {Open Data Portaal Gent},
  howpublished = {\url{https://data.stad.gent/}},
  note = {Accessed: 2017-05-03}
}

@misc{OpenDataAntwerpen,
  title = {OpenData Antwerpen},
  howpublished = {\url{http://opendata.antwerpen.be/}},
  note = {Accessed: 2017-05-03}
}

@misc{DataGov,
  title = {The Belgian Open Data Initiative},
  howpublished = {\url{http://data.gov.be/fr}},
  note = {Accessed: 2017-05-03}
}

@misc{OpenBelgium,
  title = {Open Belgium},
  howpublished = {\url{http://portal.openbelgium.be/dataset}},
  note = {Accessed: 2017-05-03}
}


% R packages

@article{pebesma2015software,
  title={Software for Spatial Statistics},
  author={Pebesma, Edzer and Bivand, Roger and Ribeiro, Paulo Justiniano and others},
  journal={Journal of Statistical Software},
  volume={63},
  number={1},
  pages={1--8},
  year={2015},
  publisher={Foundation for Open Access Statistics}
}

@article{sppackage,
    author = {Edzer J. Pebesma and Roger S. Bivand},
    title = {Classes and methods for spatial data in {R}},
    journal = {R News},
    year = {2005},
    volume = {5},
    number = {2},
    pages = {9--13},
    month = {November},
    url = {https://CRAN.R-project.org/doc/Rnews/},
  }

@article{geoRpackage,
     title         = {{geoR}: a package for geostatistical analysis},
     author        = {Ribeiro Jr., P.J. and Diggle, P.J.},
     journal       = {R-NEWS},
     year          = {2001},
     volume        = {1},
     number        = {2},
     pages         = {15--18},
     issn          = {1609-3631},
     url           = {http://cran.R-project.org/doc/Rnews}
 }

@article{CarBayes,
    title = {{CARBayes}: An {R} Package for {B}ayesian Spatial Modeling
      with Conditional Autoregressive Priors},
    author = {Duncan Lee},
    journal = {Journal of Statistical Software},
    year = {2013},
    volume = {55},
    number = {13},
    pages = {1--24},
    url = {http://www.jstatsoft.org/v55/i13/},
  }

@article{spdep,
    title = {Comparing Implementations of Estimation Methods for
      Spatial Econometrics},
    author = {Roger Bivand and Gianfranco Piras},
    journal = {Journal of Statistical Software},
    year = {2015},
    volume = {63},
    number = {18},
    pages = {1--36},
    url = {http://www.jstatsoft.org/v63/i18/},
  }
 
 @article{lgcp,
    title = {{lgcp}: An {R} Package for Inference with Spatial and
      Spatio-Temporal Log-{G}aussian {C}ox Processes},
    author = {Benjamin M. Taylor and Tilman M. Davies and Barry S.
      Rowlingson and Peter J. Diggle},
    journal = {Journal of Statistical Software},
    year = {2013},
    volume = {52},
    number = {4},
    pages = {1--40},
    url = {http://www.jstatsoft.org/v52/i04/},
  }

  @article{ptprocess,
    title = {{PtProcess}: An {R} Package for Modelling Marked Point
      Processes Indexed by Time},
    author = {David Harte},
    journal = {Journal of Statistical Software},
    year = {2010},
    volume = {35},
    number = {8},
    pages = {1--32},
    url = {http://www.jstatsoft.org/v35/i08/},
  }
  
@Article{timeSeries,
    title = {Environment for teaching "Financial Engineering and Computational Finance". Managing financial time series objects.},
    author = {Rob J Hyndman and Yeasmin Khandakar},
    journal = {Journal of Statistical Software},
    volume = {26},
    number = {3},
    pages = {1--22},
    year = {2008},
    url = {http://www.jstatsoft.org/article/view/v027i03},
  }
  
  @Article{forecast,
    title = {Automatic time series forecasting: the forecast package
      for {R}},
    author = {Rob J Hyndman and Yeasmin Khandakar},
    journal = {Journal of Statistical Software},
    volume = {26},
    number = {3},
    pages = {1--22},
    year = {2008},
    url = {http://www.jstatsoft.org/article/view/v027i03},
  }

@misc{twitter-anomaly-detection-2015,
  added-at = {2016-07-25T13:37:23.000+0200},
  author = {Twitter{,}{ }Inc. and other{ }contributors},
  biburl = {https://www.bibsonomy.org/bibtex/274478e6b7e6b20d3f663b57ba071e8da/mhwombat},
  interhash = {3e7d025b5a94cb0e1d18c258fceeb384},
  intrahash = {74478e6b7e6b20d3f663b57ba071e8da},
  keywords = {data_source time_series},
  timestamp = {2016-07-25T13:38:01.000+0200},
  title = {AnomalyDetection R package},
  url = {https://github.com/twitter/AnomalyDetection},
  year = 2015
}

@book{cameletti_stem,
  abstract = {Estimation of the parameters of a spatio-temporal model using the EM algorithm, estimation of the parameter standard errors using a spatio-temporal parametric bootstrap, spatial mapping.},
  added-at = {2017-01-09T13:57:26.000+0100},
  author = {Cameletti, Michela},
  biburl = {https://www.bibsonomy.org/bibtex/27045da8aae5fbf049b1a6b8fc4ac1f54/yourwelcome},
  interhash = {bb0c45c8d716783b826ac7023a748190},
  intrahash = {7045da8aae5fbf049b1a6b8fc4ac1f54},
  keywords = {R, covariance hierarchical latent matrix, model, spatial temporal variables,},
  note = {R package version 1.0},
  timestamp = {2017-01-09T14:01:11.000+0100},
  title = {Stem: {Spatio}-temporal models in {R}},
  url = {http://cran.r-project.org/web/packages/Stem/index.html},
  year = {2009},
  publisher = {BibSonomy}
}

@article{keller2015unified,
  title={A unified spatiotemporal modeling approach for predicting concentrations of multiple air pollutants in the Multi-Ethnic Study of Atherosclerosis and Air Pollution},
  author={Keller, Joshua P and Olives, Casey and Sun-Young, Kim and Sheppard, Lianne and Sampson, Paul D and Szpiro, Adam A and Oron, Assaf P and Lindstr{\"o}m, Johan and Vedal, Sverre and Kaufman, Joel D},
  journal={Environmental Health Perspectives (Online)},
  volume={123},
  number={4},
  pages={301},
  year={2015},
  publisher={National Institute of Environmental Health Sciences}
}

@article{pebesma2004multivariable,
  title={Multivariable geostatistics in S: the gstat package},
  author={Pebesma, Edzer J},
  journal={Computers \& Geosciences},
  volume={30},
  number={7},
  pages={683--691},
  year={2004},
  publisher={Elsevier}
}

@article{pebesma2012spacetime,
  title={spacetime: Spatio-temporal data in r},
  author={Pebesma, Edzer and others},
  journal={Journal of Statistical Software},
  volume={51},
  number={7},
  pages={1--30},
  year={2012}
}

@article{schlather2015analysis,
  title={Analysis, simulation and prediction of multivariate random fields with package RandomFields},
  author={Schlather, Martin and Malinowski, Alexander and Menck, Peter J and Oesting, Marco and Strokorb, Kirstin and others},
  journal={Journal of statistical software},
  volume={63},
  number={8},
  pages={1--25},
  year={2015},
  publisher={Foundation for Open Access Statistics}
}

@article{gabriel2013stpp,
  title={stpp: an R package for plotting, simulating and analyzing Spatio-Temporal Point Patterns},
  author={Gabriel, Edith and Rowlingson, Barry and Diggle, P and others},
  journal={Journal of Statistical Software},
  volume={53},
  number={2},
  pages={1--29},
  year={2013}
}

@misc{baddeley2016spatial,
  title={Spatial Point Pattern analysis, model-fitting, simulation, tests},
  author={Baddeley, Adrian},
  year={2016}
}

@article{finley2007spbayes,
  title={spBayes: an R package for univariate and multivariate hierarchical point-referenced spatial models},
  author={Finley, Andrew O and Banerjee, Sudipto and Carlin, Bradley P},
  journal={Journal of Statistical Software},
  volume={19},
  number={4},
  pages={1},
  year={2007},
  publisher={NIH Public Access}
}

@article{sigrist2015spate,
  title={spate: An R package for spatio-temporal modeling with a stochastic advection-diffusion process},
  author={Sigrist, Fabio and K{\"u}nsch, Hans R and Stahel, Werner A and others},
  journal={Journal of Statistical Software},
  volume={63},
  number={14},
  pages={1--23},
  year={2015},
  publisher={Foundation for Open Access Statistics}
}
