@book{tanenbaum2009modern,
  title={Modern operating system},
  author={Tanenbaum, Andrew S},
  year={2009},
  publisher={Pearson Education, Inc}
}