
@article{ashkiani2017gpu,
  title={GPU LSM: A Dynamic Dictionary Data Structure for the GPU},
  author={Ashkiani, Saman and Li, Shengren and Farach-Colton, Martin and Amenta, Nina and Owens, John D},
  journal={arXiv preprint arXiv:1707.05354},
  year={2017}
}

@phdthesis{ashkiani2017parallel,
  title={Parallel Algorithms and Dynamic Data Structures on the Graphics Processing Unit: a warp-centric approach},
  author={Ashkiani, Saman},
  year={2017},
  school={University of California, Davis}
}

@incollection{alcantara2011building,
  title={Building an efficient hash table on the GPU},
  author={Alcantara, Dan A and Volkov, Vasily and Sengupta, Shubhabrata and Mitzenmacher, Michael and Owens, John D and Amenta, Nina},
  booktitle={Gpu Computing Gems Jade Edition},
  pages={39--53},
  year={2011},
  publisher={Elsevier}
}

@inproceedings{popov2007stackless,
  title={Stackless KD-Tree Traversal for High Performance GPU Ray Tracing},
  author={Popov, Stefan and G{\"u}nther, Johannes and Seidel, Hans-Peter and Slusallek, Philipp},
  booktitle={Computer Graphics Forum},
  volume={26},
  number={3},
  pages={415--424},
  year={2007},
  organization={Wiley Online Library}
}

@article{o1996log,
  title={The log-structured merge-tree (LSM-tree)},
  author={O’Neil, Patrick and Cheng, Edward and Gawlick, Dieter and O’Neil, Elizabeth},
  journal={Acta Informatica},
  volume={33},
  number={4},
  pages={351--385},
  year={1996},
  publisher={Springer}
}

@inproceedings{bender2007cache,
  title={Cache-oblivious streaming B-trees},
  author={Bender, Michael A and Farach-Colton, Martin and Fineman, Jeremy T and Fogel, Yonatan R and Kuszmaul, Bradley C and Nelson, Jelani},
  booktitle={Proceedings of the nineteenth annual ACM symposium on Parallel algorithms and architectures},
  pages={81--92},
  year={2007},
  organization={ACM}
}

@inproceedings{green2012gpu,
  title={GPU merge path: a GPU merging algorithm},
  author={Green, Oded and McColl, Robert and Bader, David A},
  booktitle={Proceedings of the 26th ACM international conference on Supercomputing},
  pages={331--340},
  year={2012},
  organization={ACM}
}